<?xml version="1.0" encoding="UTF-8"?>
<!DOCTYPE html PUBLIC "-//W3C//DTD XHTML 1.0 Transitional//EN"
    "http://www.w3.org/TR/xhtml1/DTD/xhtml1-transitional.dtd">
<html xmlns="http://www.w3.org/1999/xhtml" xml:lang="en" lang="en">
 <head>
  <title>
</title>
<meta http-equiv="Content-Type" content="text/html;charset=utf-8" />
  <meta name='ocr-system' content='tesseract 3.04.00' />
  <meta name='ocr-capabilities' content='ocr_page ocr_carea ocr_par ocr_line ocrx_word'/>
</head>
<body>
  <div class='ocr_page' id='page_1' title='image "./pvirgiliimaroni00virggoog/pvirgiliimaroni00virggoog_0621.png"; bbox 0 0 2664 4686; ppageno 0'>
   <div class='ocr_carea' id='block_1_1' title="bbox 103 330 862 413">
    <p class='ocr_par' dir='ltr' id='par_1_1' title="bbox 103 330 862 413">
     <span class='ocr_line' id='line_1_1' title="bbox 103 330 862 413; baseline -0.012 -11"><span class='ocrx_word' id='word_1_1' title='bbox 103 330 201 402; x_wconf 60' lang='lat'>&#39;4070</span> <span class='ocrx_word' id='word_1_2' title='bbox 395 402 400 413; x_wconf 56' lang='lat'>‚</span> <span class='ocrx_word' id='word_1_3' title='bbox 477 338 862 398; x_wconf 68' lang='lat' dir='ltr'>sensusve-contum</span> 
     </span>
    </p>
   </div>
   <div class='ocr_carea' id='block_1_2' title="bbox 34 482 1266 3166">
    <p class='ocr_par' dir='ltr' id='par_1_2' title="bbox 112 482 1266 663">
     <span class='ocr_line' id='line_1_2' title="bbox 112 482 1266 565; baseline -0.008 -13"><span class='ocrx_word' id='word_1_4' title='bbox 112 488 190 552; x_wconf 84' lang='lat' dir='ltr'>dieis</span> <span class='ocrx_word' id='word_1_5' title='bbox 201 489 334 551; x_wconf 83' lang='lat' dir='ltr'>luibitunr</span> <span class='ocrx_word' id='word_1_6' title='bbox 345 490 377 549; x_wconf 81' lang='lat' dir='ltr'>e&#39;t</span> <span class='ocrx_word' id='word_1_7' title='bbox 389 486 498 547; x_wconf 69' lang='lat' dir='ltr'>verium</span> <span class='ocrx_word' id='word_1_8' title='bbox 512 488 667 549; x_wconf 75' lang='lat' dir='ltr'>lectionem</span> <span class='ocrx_word' id='word_1_9' title='bbox 679 487 809 547; x_wconf 83' lang='lat' dir='ltr'>enotrvit</span> <span class='ocrx_word' id='word_1_10' title='bbox 820 482 978 565; x_wconf 76' lang='lat' dir='ltr'>diligenter</span> <span class='ocrx_word' id='word_1_11' title='bbox 991 485 1033 545; x_wconf 85' lang='grc'>11.</span> <span class='ocrx_word' id='word_1_12' title='bbox 1048 483 1096 545; x_wconf 77' lang='lat' dir='ltr'>A.</span> <span class='ocrx_word' id='word_1_13' title='bbox 1107 485 1216 544; x_wconf 72' lang='lat' dir='ltr'>Gri-</span> <span class='ocrx_word' id='word_1_14' title='bbox 1260 501 1266 517; x_wconf 81' lang='lat'><strong>⁴</strong></span> 
     </span>
     <span class='ocr_line' id='line_1_3' title="bbox 113 583 1020 663; baseline -0.006 -15"><span class='ocrx_word' id='word_1_15' title='bbox 113 590 143 648; x_wconf 90' lang='lat' dir='ltr'>in</span> <span class='ocrx_word' id='word_1_16' title='bbox 159 585 289 648; x_wconf 84' lang='lat' dir='ltr'>Wititoiii</span> <span class='ocrx_word' id='word_1_17' title='bbox 303 584 461 644; x_wconf 86' lang='lat' dir='ltr'>kritisehen</span> <span class='ocrx_word' id='word_1_18' title='bbox 476 583 702 663; x_wconf 80' lang='lat' dir='ltr'>tlnmerlrungen</span> <span class='ocrx_word' id='word_1_19' title='bbox 716 600 742 644; x_wconf 91' lang='grc'>1.</span> <span class='ocrx_word' id='word_1_20' title='bbox 754 583 930 661; x_wconf 79' lang='lat' dir='ltr'>stuck-prg.</span> <span class='ocrx_word' id='word_1_21' title='bbox 947 592 1020 645; x_wconf 73' lang='lat'><strong>120.</strong></span> 
     </span>
    </p>

    <p class='ocr_par' dir='ltr' id='par_1_3' title="bbox 120 678 1184 840">
     <span class='ocr_line' id='line_1_4' title="bbox 126 678 1184 760; baseline -0.006 -15"><span class='ocrx_word' id='word_1_22' title='bbox 126 726 129 731; x_wconf 91' lang='lat'><em>-</em></span> <span class='ocrx_word' id='word_1_23' title='bbox 154 683 283 745; x_wconf 75' lang='lat' dir='ltr'><strong>Codices</strong></span> <span class='ocrx_word' id='word_1_24' title='bbox 296 681 454 741; x_wconf 79' lang='lat' dir='ltr'>leidenses</span> <span class='ocrx_word' id='word_1_25' title='bbox 467 686 540 751; x_wconf 87' lang='lat' dir='ltr'>duo,</span> <span class='ocrx_word' id='word_1_26' title='bbox 562 700 640 758; x_wconf 82' lang='lat' dir='ltr'>quos</span> <span class='ocrx_word' id='word_1_27' title='bbox 652 682 713 760; x_wconf 81' lang='lat' dir='ltr'>ipse</span> <span class='ocrx_word' id='word_1_28' title='bbox 727 681 760 740; x_wconf 83' lang='grc' dir='ltr'>Ρ.</span> <span class='ocrx_word' id='word_1_29' title='bbox 776 682 960 740; x_wconf 76' lang='lat' dir='ltr'>burmannus</span> <span class='ocrx_word' id='word_1_30' title='bbox 972 678 1118 739; x_wconf 86' lang='lat' dir='ltr'>contulit.</span> <span class='ocrx_word' id='word_1_31' title='bbox 1180 702 1184 707; x_wconf 94' lang='lat'>·</span> 
     </span>
     <span class='ocr_line' id='line_1_5' title="bbox 120 778 983 840; baseline -0.012 1"><span class='ocrx_word' id='word_1_32' title='bbox 120 818 123 823; x_wconf 90' lang='lat'>·</span> <span class='ocrx_word' id='word_1_33' title='bbox 153 779 258 840; x_wconf 81' lang='lat' dir='ltr'>Codex</span> <span class='ocrx_word' id='word_1_34' title='bbox 272 778 477 840; x_wconf 82' lang='lat' dir='ltr'>Zulicbemius.</span> <span class='ocrx_word' id='word_1_35' title='bbox 980 792 983 797; x_wconf 78' lang='grc'><strong>’</strong></span> 
     </span>
    </p>

    <p class='ocr_par' dir='ltr' id='par_1_4' title="bbox 34 870 1218 1145">
     <span class='ocr_line' id='line_1_6' title="bbox 154 870 1218 950; baseline -0.005 -14"><span class='ocrx_word' id='word_1_36' title='bbox 154 874 257 937; x_wconf 84' lang='lat' dir='ltr'>Codex</span> <span class='ocrx_word' id='word_1_37' title='bbox 273 874 443 945; x_wconf 74' lang='lat' dir='ltr'>Vossianus,</span> <span class='ocrx_word' id='word_1_38' title='bbox 464 893 504 932; x_wconf 83' lang='lat' dir='ltr'>nn</span> <span class='ocrx_word' id='word_1_39' title='bbox 524 890 600 932; x_wconf 78' lang='lat' dir='ltr'>unes</span> <span class='ocrx_word' id='word_1_40' title='bbox 620 893 658 933; x_wconf 90' lang='lat' dir='ltr'>ex</span> <span class='ocrx_word' id='word_1_41' title='bbox 683 873 718 933; x_wconf 92' lang='lat' dir='ltr'>iis</span> <span class='ocrx_word' id='word_1_42' title='bbox 739 872 835 944; x_wconf 77' lang='lat' dir='ltr'>fuerit,</span> <span class='ocrx_word' id='word_1_43' title='bbox 857 872 966 950; x_wconf 84' lang='lat' dir='ltr'>quibus</span> <span class='ocrx_word' id='word_1_44' title='bbox 988 870 1135 932; x_wconf 81' lang='lat' dir='ltr'>Heinsius</span> <span class='ocrx_word' id='word_1_45' title='bbox 1157 884 1218 931; x_wconf 72' lang='lat' dir='ltr'>ont</span> 
     </span>
     <span class='ocr_line' id='line_1_7' title="bbox 115 970 716 1048; baseline 0.002 -18"><span class='ocrx_word' id='word_1_46' title='bbox 115 980 170 1044; x_wconf 88' lang='lat' dir='ltr'>est,</span> <span class='ocrx_word' id='word_1_47' title='bbox 192 971 264 1030; x_wconf 87' lang='lat' dir='ltr'>mibi</span> <span class='ocrx_word' id='word_1_48' title='bbox 278 990 337 1030; x_wconf 91' lang='lat' dir='ltr'>non</span> <span class='ocrx_word' id='word_1_49' title='bbox 352 970 456 1048; x_wconf 90' lang='lat' dir='ltr'>liquet.</span> <span class='ocrx_word' id='word_1_50' title='bbox 494 1032 501 1047; x_wconf 51' lang='lat'><strong>„</strong></span> <span class='ocrx_word' id='word_1_51' title='bbox 713 1037 716 1042; x_wconf 58' lang='grc'><strong>,</strong></span> 
     </span>
     <span class='ocr_line' id='line_1_8' title="bbox 34 1060 1063 1145; baseline -0.005 -16"><span class='ocrx_word' id='word_1_52' title='bbox 34 1107 36 1110; x_wconf 55' lang='lat'>&lt;</span> <span class='ocrx_word' id='word_1_53' title='bbox 154 1067 259 1128; x_wconf 82' lang='lat' dir='ltr'>Codex</span> <span class='ocrx_word' id='word_1_54' title='bbox 273 1069 462 1138; x_wconf 69' lang='lat' dir='ltr'>Gratianus:</span> <span class='ocrx_word' id='word_1_55' title='bbox 483 1068 535 1145; x_wconf 87' lang='lat' dir='ltr'>qui</span> <span class='ocrx_word' id='word_1_56' title='bbox 547 1065 706 1126; x_wconf 72' lang='lat' dir='ltr'>admodum</span> <span class='ocrx_word' id='word_1_57' title='bbox 717 1084 819 1127; x_wconf 86' lang='lat' dir='ltr'>recens</span> <span class='ocrx_word' id='word_1_58' title='bbox 831 1064 919 1125; x_wconf 80' lang='lat' dir='ltr'>fnisse</span> <span class='ocrx_word' id='word_1_59' title='bbox 932 1060 1063 1125; x_wconf 74' lang='lat' dir='ltr'>uidetur.</span> 
     </span>
    </p>

    <p class='ocr_par' dir='ltr' id='par_1_5' title="bbox 142 1163 1218 1225">
     <span class='ocr_line' id='line_1_9' title="bbox 142 1163 1218 1225; baseline -0.009 1"><span class='ocrx_word' id='word_1_60' title='bbox 142 1163 260 1225; x_wconf 90' lang='lat' dir='ltr'>&#39;Codex</span> <span class='ocrx_word' id='word_1_61' title='bbox 275 1164 424 1225; x_wconf 83' lang='lat' dir='ltr'>Oudsrtii.</span> <span class='ocrx_word' id='word_1_62' title='bbox 1214 1184 1218 1197; x_wconf 91' lang='lat'>·</span> 
     </span>
    </p>

    <p class='ocr_par' dir='ltr' id='par_1_6' title="bbox 116 1255 1220 1515">
     <span class='ocr_line' id='line_1_10' title="bbox 153 1255 1220 1336; baseline -0.005 -15"><span class='ocrx_word' id='word_1_63' title='bbox 153 1260 257 1321; x_wconf 82' lang='lat' dir='ltr'>Codex</span> <span class='ocrx_word' id='word_1_64' title='bbox 286 1261 525 1332; x_wconf 83' lang='lat' dir='ltr'>Vrstisleviensis,</span> <span class='ocrx_word' id='word_1_65' title='bbox 558 1259 747 1319; x_wconf 68' lang='lat' dir='ltr'>bibliothece</span> <span class='ocrx_word' id='word_1_66' title='bbox 773 1256 1002 1330; x_wconf 72' lang='lat' dir='ltr'>Elisabetbnnae,</span> <span class='ocrx_word' id='word_1_67' title='bbox 1031 1255 1141 1336; x_wconf 78' lang='lat' dir='ltr'>equo</span> <span class='ocrx_word' id='word_1_68' title='bbox 1166 1260 1220 1317; x_wconf 71' lang='lat' dir='ltr'>nit</span> 
     </span>
     <span class='ocr_line' id='line_1_11' title="bbox 116 1352 1220 1432; baseline -0.001 -16"><span class='ocrx_word' id='word_1_69' title='bbox 116 1355 187 1418; x_wconf 85' lang='lat' dir='ltr'>leet.</span> <span class='ocrx_word' id='word_1_70' title='bbox 200 1356 320 1417; x_wconf 88' lang='lat' dir='ltr'>editioni</span> <span class='ocrx_word' id='word_1_71' title='bbox 334 1358 370 1416; x_wconf 88' lang='lat' dir='ltr'>L.</span> <span class='ocrx_word' id='word_1_72' title='bbox 385 1359 419 1416; x_wconf 90' lang='lat' dir='ltr'>B.</span> <span class='ocrx_word' id='word_1_73' title='bbox 438 1356 524 1419; x_wconf 75' lang='lat'><strong>1652.</strong></span> <span class='ocrx_word' id='word_1_74' title='bbox 538 1374 627 1415; x_wconf 78' lang='lat' dir='ltr'>manu</span> <span class='ocrx_word' id='word_1_75' title='bbox 650 1355 717 1417; x_wconf 85' lang='lat' dir='ltr'>Jeni</span> <span class='ocrx_word' id='word_1_76' title='bbox 737 1354 890 1415; x_wconf 85' lang='lat' dir='ltr'>Gebbsrdi</span> <span class='ocrx_word' id='word_1_77' title='bbox 908 1353 1059 1432; x_wconf 70' lang='lat' dir='ltr'>ascriptus</span> <span class='ocrx_word' id='word_1_78' title='bbox 1082 1373 1102 1414; x_wconf 90' lang='lat' dir='ltr'>e</span> <span class='ocrx_word' id='word_1_79' title='bbox 1115 1352 1220 1415; x_wconf 71' lang='lat' dir='ltr'>souis</span> 
     </span>
     <span class='ocr_line' id='line_1_12' title="bbox 118 1453 702 1515; baseline -0.003 -2"><span class='ocrx_word' id='word_1_80' title='bbox 118 1453 285 1514; x_wconf 83' lang='lat' dir='ltr'>Heinsinnis</span> <span class='ocrx_word' id='word_1_81' title='bbox 299 1454 402 1515; x_wconf 80' lang='lat' dir='ltr'>habuit</span> <span class='ocrx_word' id='word_1_82' title='bbox 418 1457 612 1513; x_wconf 73' lang='lat' dir='ltr'><strong>Burmannus.</strong></span> <span class='ocrx_word' id='word_1_83' title='bbox 685 1482 702 1497; x_wconf 63' lang='grc' dir='ltr'><em>ν</em></span> 
     </span>
    </p>

    <p class='ocr_par' dir='ltr' id='par_1_7' title="bbox 119 1546 1221 1725">
     <span class='ocr_line' id='line_1_13' title="bbox 156 1546 1221 1627; baseline -0.002 -17"><span class='ocrx_word' id='word_1_84' title='bbox 156 1549 260 1610; x_wconf 81' lang='lat' dir='ltr'>Codex</span> <span class='ocrx_word' id='word_1_85' title='bbox 275 1550 440 1620; x_wconf 83' lang='lat' dir='ltr'>Wittienus,</span> <span class='ocrx_word' id='word_1_86' title='bbox 461 1569 479 1608; x_wconf 94' lang='lat' dir='ltr'>e</span> <span class='ocrx_word' id='word_1_87' title='bbox 500 1547 673 1627; x_wconf 71' lang='lat' dir='ltr'>supellectili</span> <span class='ocrx_word' id='word_1_88' title='bbox 695 1547 812 1607; x_wconf 84' lang='lat' dir='ltr'>libreria</span> <span class='ocrx_word' id='word_1_89' title='bbox 831 1548 879 1607; x_wconf 88' lang='lat' dir='ltr'>Jo.</span> <span class='ocrx_word' id='word_1_90' title='bbox 894 1546 931 1606; x_wconf 92' lang='lat' dir='ltr'>de</span> <span class='ocrx_word' id='word_1_91' title='bbox 946 1547 1031 1620; x_wconf 88' lang='lat' dir='ltr'>Witt,</span> <span class='ocrx_word' id='word_1_92' title='bbox 1052 1548 1145 1608; x_wconf 82' lang='lat' dir='ltr'>civit.</span> <span class='ocrx_word' id='word_1_93' title='bbox 1159 1547 1221 1608; x_wconf 76' lang='lat' dir='ltr'>An·</span> 
     </span>
     <span class='ocr_line' id='line_1_14' title="bbox 119 1643 1066 1725; baseline -0.001 -20"><span class='ocrx_word' id='word_1_94' title='bbox 119 1646 231 1717; x_wconf 73' lang='lat' dir='ltr'>steleed.</span> <span class='ocrx_word' id='word_1_95' title='bbox 246 1647 397 1725; x_wconf 80' lang='lat' dir='ltr'>quondam</span> <span class='ocrx_word' id='word_1_96' title='bbox 406 1650 422 1708; x_wconf 84' lang='lat' dir='ltr'>J</span> <span class='ocrx_word' id='word_1_97' title='bbox 427 1646 530 1718; x_wconf 87' lang='lat' dir='ltr'>udicis,</span> <span class='ocrx_word' id='word_1_98' title='bbox 550 1664 619 1705; x_wconf 88' lang='lat' dir='ltr'>eum</span> <span class='ocrx_word' id='word_1_99' title='bbox 634 1646 802 1704; x_wconf 74' lang='lat' dir='ltr'>Burmanno</span> <span class='ocrx_word' id='word_1_100' title='bbox 816 1643 1066 1704; x_wconf 80' lang='lat' dir='ltr'>communicatus.</span> 
     </span>
    </p>

    <p class='ocr_par' dir='ltr' id='par_1_8' title="bbox 117 1741 1222 2095">
     <span class='ocr_line' id='line_1_15' title="bbox 159 1741 1222 1819; baseline 0.002 -18"><span class='ocrx_word' id='word_1_101' title='bbox 159 1742 261 1803; x_wconf 85' lang='lat' dir='ltr'>Codex</span> <span class='ocrx_word' id='word_1_102' title='bbox 285 1743 513 1813; x_wconf 84' lang='lat' dir='ltr'>D&#39;Orrillinnus,</span> <span class='ocrx_word' id='word_1_103' title='bbox 533 1741 702 1802; x_wconf 79' lang='lat' dir='ltr'>recentioris</span> <span class='ocrx_word' id='word_1_104' title='bbox 722 1741 828 1811; x_wconf 71' lang='lat' dir='ltr'>vetetis,</span> <span class='ocrx_word' id='word_1_105' title='bbox 850 1760 867 1800; x_wconf 90' lang='lat' dir='ltr'>e</span> <span class='ocrx_word' id='word_1_106' title='bbox 889 1759 950 1819; x_wconf 91' lang='lat' dir='ltr'>quo</span> <span class='ocrx_word' id='word_1_107' title='bbox 972 1741 1150 1803; x_wconf 80' lang='lat' dir='ltr'>verietntent</span> <span class='ocrx_word' id='word_1_108' title='bbox 1169 1742 1222 1803; x_wconf 83' lang='lat' dir='ltr'>lee-</span> 
     </span>
     <span class='ocr_line' id='line_1_16' title="bbox 118 1836 1221 1914; baseline 0.005 -20"><span class='ocrx_word' id='word_1_109' title='bbox 118 1837 205 1903; x_wconf 87' lang='lat' dir='ltr'>tionis</span> <span class='ocrx_word' id='word_1_110' title='bbox 216 1847 385 1914; x_wconf 83' lang='lat' dir='ltr'>excerptam</span> <span class='ocrx_word' id='word_1_111' title='bbox 399 1836 437 1896; x_wconf 84' lang='lat' dir='ltr'>sd</span> <span class='ocrx_word' id='word_1_112' title='bbox 452 1839 485 1896; x_wconf 89' lang='lat' dir='ltr'>P.</span> <span class='ocrx_word' id='word_1_113' title='bbox 498 1839 697 1896; x_wconf 85' lang='lat' dir='ltr'>Burmauuum</span> <span class='ocrx_word' id='word_1_114' title='bbox 707 1837 825 1896; x_wconf 79' lang='lat' dir='ltr'>miseret</span> <span class='ocrx_word' id='word_1_115' title='bbox 836 1836 1028 1898; x_wconf 83' lang='lat' dir='ltr'>D&#39;Orvillins.</span> <span class='ocrx_word' id='word_1_116' title='bbox 1071 1839 1142 1899; x_wconf 84' lang='lat' dir='ltr'>Fuit</span> <span class='ocrx_word' id='word_1_117' title='bbox 1155 1839 1221 1899; x_wconf 81' lang='lat' dir='ltr'>iser</span> 
     </span>
     <span class='ocr_line' id='line_1_17' title="bbox 118 1932 1221 2013; baseline 0.005 -21"><span class='ocrx_word' id='word_1_118' title='bbox 118 1932 367 2010; x_wconf 84' lang='lat' dir='ltr'>inquinatissimis,</span> <span class='ocrx_word' id='word_1_119' title='bbox 388 1952 444 1994; x_wconf 87' lang='lat' dir='ltr'>neo</span> <span class='ocrx_word' id='word_1_120' title='bbox 466 1933 573 2013; x_wconf 80' lang='lat' dir='ltr'>dignus</span> <span class='ocrx_word' id='word_1_121' title='bbox 599 1953 617 1993; x_wconf 95' lang='lat' dir='ltr'>e</span> <span class='ocrx_word' id='word_1_122' title='bbox 643 1951 704 2012; x_wconf 90' lang='lat' dir='ltr'>quo</span> <span class='ocrx_word' id='word_1_123' title='bbox 727 1951 805 1993; x_wconf 75' lang='lat' dir='ltr'>nere</span> <span class='ocrx_word' id='word_1_124' title='bbox 821 1933 1005 1993; x_wconf 74' lang='lat' dir='ltr'>librariorum</span> <span class='ocrx_word' id='word_1_125' title='bbox 1030 1934 1105 1996; x_wconf 71' lang='lat' dir='ltr'>vitis</span> <span class='ocrx_word' id='word_1_126' title='bbox 1125 1938 1221 1998; x_wconf 73' lang='lat' dir='ltr'>enoo²</span> 
     </span>
     <span class='ocr_line' id='line_1_18' title="bbox 117 2040 228 2095; baseline 0.018 -7"><span class='ocrx_word' id='word_1_127' title='bbox 117 2040 228 2095; x_wconf 86' lang='lat' dir='ltr'>rentur.</span> 
     </span>
    </p>

    <p class='ocr_par' dir='ltr' id='par_1_9' title="bbox 87 2123 1224 2590">
     <span class='ocr_line' id='line_1_19' title="bbox 159 2123 1222 2204; baseline 0 -18"><span class='ocrx_word' id='word_1_128' title='bbox 159 2125 262 2187; x_wconf 80' lang='lat' dir='ltr'>Codex</span> <span class='ocrx_word' id='word_1_129' title='bbox 277 2124 446 2197; x_wconf 84' lang='lat' dir='ltr'>Wslliaous,</span> <span class='ocrx_word' id='word_1_130' title='bbox 466 2134 518 2185; x_wconf 81' lang='lat' dir='ltr'>sut</span> <span class='ocrx_word' id='word_1_131' title='bbox 530 2125 627 2203; x_wconf 83' lang='lat' dir='ltr'>potius</span> <span class='ocrx_word' id='word_1_132' title='bbox 641 2123 836 2204; x_wconf 69' lang='lat' dir='ltr'>fragmentum</span> <span class='ocrx_word' id='word_1_133' title='bbox 850 2125 964 2186; x_wconf 88' lang='lat' dir='ltr'>codicis</span> <span class='ocrx_word' id='word_1_134' title='bbox 976 2144 996 2186; x_wconf 75' lang='grc' dir='ltr'>ι</span> <span class='ocrx_word' id='word_1_135' title='bbox 1017 2126 1096 2187; x_wconf 88' lang='lat' dir='ltr'>libro</span> <span class='ocrx_word' id='word_1_136' title='bbox 1110 2129 1176 2188; x_wconf 81' lang='lat' dir='ltr'>AEs.</span> <span class='ocrx_word' id='word_1_137' title='bbox 1188 2143 1222 2188; x_wconf 81' lang='lat' dir='ltr'>tt.</span> 
     </span>
     <span class='ocr_line' id='line_1_20' title="bbox 119 2219 1224 2303; baseline 0.002 -21"><span class='ocrx_word' id='word_1_138' title='bbox 119 2229 181 2282; x_wconf 84' lang='grc'>310</span> <span class='ocrx_word' id='word_1_139' title='bbox 195 2223 232 2282; x_wconf 82' lang='lat' dir='ltr'>sd</span> <span class='ocrx_word' id='word_1_140' title='bbox 248 2243 276 2282; x_wconf 85' lang='lat' dir='ltr'>v.</span> <span class='ocrx_word' id='word_1_141' title='bbox 292 2232 360 2283; x_wconf 80' lang='lat'><strong>150.</strong></span> <span class='ocrx_word' id='word_1_142' title='bbox 375 2223 441 2282; x_wconf 90' lang='lat' dir='ltr'>libri</span> <span class='ocrx_word' id='word_1_143' title='bbox 457 2240 504 2282; x_wconf 85' lang='lat' dir='ltr'>vt.</span> <span class='ocrx_word' id='word_1_144' title='bbox 529 2221 567 2280; x_wconf 84' lang='lat' dir='ltr'>ab</span> <span class='ocrx_word' id='word_1_145' title='bbox 588 2221 725 2299; x_wconf 89' lang='lat' dir='ltr'>imperito</span> <span class='ocrx_word' id='word_1_146' title='bbox 738 2230 768 2281; x_wconf 90' lang='lat' dir='ltr'>et</span> <span class='ocrx_word' id='word_1_147' title='bbox 782 2219 940 2281; x_wconf 72' lang='lat' dir='ltr'>festinante</span> <span class='ocrx_word' id='word_1_148' title='bbox 951 2221 1070 2282; x_wconf 80' lang='lat' dir='ltr'>librario</span> <span class='ocrx_word' id='word_1_149' title='bbox 1081 2224 1224 2303; x_wconf 84' lang='lat' dir='ltr'>perscrip-</span> 
     </span>
     <span class='ocr_line' id='line_1_21' title="bbox 119 2317 1220 2397; baseline 0.001 -18"><span class='ocrx_word' id='word_1_150' title='bbox 119 2329 191 2389; x_wconf 86' lang='lat' dir='ltr'>tum,</span> <span class='ocrx_word' id='word_1_151' title='bbox 212 2329 242 2378; x_wconf 90' lang='lat' dir='ltr'>et</span> <span class='ocrx_word' id='word_1_152' title='bbox 267 2320 371 2397; x_wconf 78' lang='lat' dir='ltr'>glossis</span> <span class='ocrx_word' id='word_1_153' title='bbox 394 2318 526 2396; x_wconf 86' lang='lat' dir='ltr'>plurimis</span> <span class='ocrx_word' id='word_1_154' title='bbox 552 2317 783 2396; x_wconf 83' lang='lat' dir='ltr'>coinquinatum,</span> <span class='ocrx_word' id='word_1_155' title='bbox 808 2336 862 2377; x_wconf 86' lang='lat' dir='ltr'>neo</span> <span class='ocrx_word' id='word_1_156' title='bbox 882 2327 981 2378; x_wconf 79' lang='lat' dir='ltr'>tamen</span> <span class='ocrx_word' id='word_1_157' title='bbox 1007 2320 1220 2397; x_wconf 69' lang='lat' dir='ltr'>spernendum</span> 
     </span>
     <span class='ocr_line' id='line_1_22' title="bbox 87 2414 1224 2497; baseline -0.002 -19"><span class='ocrx_word' id='word_1_158' title='bbox 87 2483 93 2497; x_wconf 87' lang='lat'>.</span> <span class='ocrx_word' id='word_1_159' title='bbox 121 2415 202 2492; x_wconf 88' lang='lat' dir='ltr'>quod</span> <span class='ocrx_word' id='word_1_160' title='bbox 217 2416 255 2475; x_wconf 80' lang='lat' dir='ltr'>ab</span> <span class='ocrx_word' id='word_1_161' title='bbox 272 2419 440 2477; x_wconf 85' lang='lat' dir='ltr'>Hermanno</span> <span class='ocrx_word' id='word_1_162' title='bbox 456 2435 510 2474; x_wconf 86' lang='lat' dir='ltr'>vnn</span> <span class='ocrx_word' id='word_1_163' title='bbox 525 2414 579 2475; x_wconf 89' lang='lat' dir='ltr'>der</span> <span class='ocrx_word' id='word_1_164' title='bbox 591 2414 668 2473; x_wconf 83' lang='lat' dir='ltr'>Wall</span> <span class='ocrx_word' id='word_1_165' title='bbox 682 2415 720 2473; x_wconf 85' lang='lat' dir='ltr'>sd</span> <span class='ocrx_word' id='word_1_166' title='bbox 736 2415 930 2474; x_wconf 84' lang='lat' dir='ltr'>D&#39;Orrillium</span> <span class='ocrx_word' id='word_1_167' title='bbox 945 2416 1111 2476; x_wconf 78' lang='lat' dir='ltr'>transierat.</span> <span class='ocrx_word' id='word_1_168' title='bbox 1153 2418 1224 2476; x_wconf 90' lang='lat' dir='ltr'>Con-</span> 
     </span>
     <span class='ocr_line' id='line_1_23' title="bbox 120 2510 889 2590; baseline -0.004 -19"><span class='ocrx_word' id='word_1_169' title='bbox 120 2511 186 2573; x_wconf 86' lang='lat' dir='ltr'>tulit</span> <span class='ocrx_word' id='word_1_170' title='bbox 200 2510 271 2572; x_wconf 88' lang='lat' dir='ltr'>illud</span> <span class='ocrx_word' id='word_1_171' title='bbox 287 2514 469 2573; x_wconf 86' lang='lat' dir='ltr'>Burmannus</span> <span class='ocrx_word' id='word_1_172' title='bbox 478 2512 578 2590; x_wconf 88' lang='lat' dir='ltr'>junior</span> <span class='ocrx_word' id='word_1_173' title='bbox 592 2531 660 2571; x_wconf 86' lang='lat' dir='ltr'>curn</span> <span class='ocrx_word' id='word_1_174' title='bbox 674 2510 748 2571; x_wconf 89' lang='lat' dir='ltr'>edit.</span> <span class='ocrx_word' id='word_1_175' title='bbox 763 2512 889 2570; x_wconf 79' lang='lat' dir='ltr'>Mnevic.</span> 
     </span>
    </p>

    <p class='ocr_par' dir='ltr' id='par_1_10' title="bbox 121 2608 1224 2859">
     <span class='ocr_line' id='line_1_24' title="bbox 162 2608 1224 2679; baseline 0.003 -12"><span class='ocrx_word' id='word_1_176' title='bbox 162 2608 266 2667; x_wconf 88' lang='lat' dir='ltr'>Codex</span> <span class='ocrx_word' id='word_1_177' title='bbox 291 2609 544 2678; x_wconf 83' lang='lat' dir='ltr'>Claramontauus‚</span> <span class='ocrx_word' id='word_1_178' title='bbox 574 2609 824 2679; x_wconf 80' lang='lat' dir='ltr'>membranaceus,</span> <span class='ocrx_word' id='word_1_179' title='bbox 867 2608 1060 2668; x_wconf 81' lang='lat' dir='ltr'>Clarenrontii</span> <span class='ocrx_word' id='word_1_180' title='bbox 1090 2610 1224 2670; x_wconf 62' lang='lat' dir='ltr'>Ecclesia</span> 
     </span>
     <span class='ocr_line' id='line_1_25' title="bbox 121 2702 1223 2782; baseline 0.005 -21"><span class='ocrx_word' id='word_1_181' title='bbox 121 2702 285 2762; x_wconf 82' lang='lat' dir='ltr'>Gallicanae</span> <span class='ocrx_word' id='word_1_182' title='bbox 299 2704 367 2762; x_wconf 89' lang='lat' dir='ltr'>olim</span> <span class='ocrx_word' id='word_1_183' title='bbox 391 2706 519 2776; x_wconf 87' lang='lat' dir='ltr'>ministri,</span> <span class='ocrx_word' id='word_1_184' title='bbox 540 2725 556 2764; x_wconf 95' lang='lat' dir='ltr'>e</span> <span class='ocrx_word' id='word_1_185' title='bbox 580 2725 640 2782; x_wconf 94' lang='lat' dir='ltr'>quo</span> <span class='ocrx_word' id='word_1_186' title='bbox 665 2706 803 2765; x_wconf 85' lang='lat' dir='ltr'>lectiones</span> <span class='ocrx_word' id='word_1_187' title='bbox 828 2704 957 2764; x_wconf 83' lang='lat' dir='ltr'>diversas</span> <span class='ocrx_word' id='word_1_188' title='bbox 979 2706 1029 2766; x_wconf 87' lang='lat' dir='ltr'>Jo.</span> <span class='ocrx_word' id='word_1_189' title='bbox 1055 2706 1223 2766; x_wconf 80' lang='lat' dir='ltr'>Arntxenius</span> 
     </span>
     <span class='ocr_line' id='line_1_26' title="bbox 122 2807 300 2859; baseline 0 0"><span class='ocrx_word' id='word_1_190' title='bbox 122 2807 300 2859; x_wconf 83' lang='lat' dir='ltr'>euotnvernt.</span> 
     </span>
    </p>

    <p class='ocr_par' dir='ltr' id='par_1_11' title="bbox 122 2894 1227 3166">
     <span class='ocr_line' id='line_1_27' title="bbox 164 2894 1225 2959; baseline 0.004 -5"><span class='ocrx_word' id='word_1_191' title='bbox 164 2894 266 2955; x_wconf 85' lang='lat' dir='ltr'>Codes</span> <span class='ocrx_word' id='word_1_192' title='bbox 295 2896 472 2956; x_wconf 88' lang='lat' dir='ltr'>Lubeceusis</span> <span class='ocrx_word' id='word_1_193' title='bbox 500 2898 536 2957; x_wconf 86' lang='lat' dir='ltr'>ad</span> <span class='ocrx_word' id='word_1_194' title='bbox 559 2899 623 2957; x_wconf 87' lang='lat' dir='ltr'>AEn.</span> <span class='ocrx_word' id='word_1_195' title='bbox 646 2914 681 2959; x_wconf 83' lang='lat' dir='ltr'>x.</span> <span class='ocrx_word' id='word_1_196' title='bbox 711 2907 750 2959; x_wconf 83' lang='lat'>50</span> <span class='ocrx_word' id='word_1_197' title='bbox 770 2897 916 2958; x_wconf 80' lang='lat' dir='ltr'>laudatur.</span> <span class='ocrx_word' id='word_1_198' title='bbox 967 2897 1107 2957; x_wconf 84' lang='lat' dir='ltr'>Ceterum</span> <span class='ocrx_word' id='word_1_199' title='bbox 1125 2918 1163 2959; x_wconf 83' lang='lat' dir='ltr'>ex</span> <span class='ocrx_word' id='word_1_200' title='bbox 1185 2898 1225 2958; x_wconf 85' lang='lat' dir='ltr'>ltis</span> 
     </span>
     <span class='ocr_line' id='line_1_28' title="bbox 123 2990 1227 3073; baseline 0.004 -22"><span class='ocrx_word' id='word_1_201' title='bbox 123 2990 213 3052; x_wconf 93' lang='lat' dir='ltr'>codd.</span> <span class='ocrx_word' id='word_1_202' title='bbox 234 2993 318 3053; x_wconf 89' lang='lat' dir='ltr'>multi</span> <span class='ocrx_word' id='word_1_203' title='bbox 343 3003 395 3053; x_wconf 84' lang='lat' dir='ltr'>eut</span> <span class='ocrx_word' id='word_1_204' title='bbox 421 3014 477 3054; x_wconf 90' lang='lat' dir='ltr'>non</span> <span class='ocrx_word' id='word_1_205' title='bbox 503 2995 584 3054; x_wconf 86' lang='lat' dir='ltr'>fuere</span> <span class='ocrx_word' id='word_1_206' title='bbox 606 2995 720 3073; x_wconf 81' lang='lat' dir='ltr'>integri,</span> <span class='ocrx_word' id='word_1_207' title='bbox 742 3004 794 3055; x_wconf 85' lang='lat' dir='ltr'>eut</span> <span class='ocrx_word' id='word_1_208' title='bbox 817 2995 904 3055; x_wconf 88' lang='lat' dir='ltr'>certis</span> <span class='ocrx_word' id='word_1_209' title='bbox 925 3002 1041 3055; x_wconf 78' lang='lat' dir='ltr'>tautum</span> <span class='ocrx_word' id='word_1_210' title='bbox 1057 2995 1088 3054; x_wconf 91' lang='lat' dir='ltr'>in</span> <span class='ocrx_word' id='word_1_211' title='bbox 1104 2995 1227 3056; x_wconf 82' lang='lat' dir='ltr'>locisio·</span> 
     </span>
     <span class='ocr_line' id='line_1_29' title="bbox 122 3090 227 3166; baseline 0.038 -20"><span class='ocrx_word' id='word_1_212' title='bbox 122 3090 227 3166; x_wconf 81' lang='lat' dir='ltr'>specti.</span> 
     </span>
    </p>
   </div>
   <div class='ocr_carea' id='block_1_3' title="bbox 121 3281 1230 4236">
    <p class='ocr_par' dir='ltr' id='par_1_12' title="bbox 121 3281 1230 4236">
     <span class='ocr_line' id='line_1_30' title="bbox 164 3281 1227 3366; baseline 0.005 -26"><span class='ocrx_word' id='word_1_213' title='bbox 164 3299 221 3340; x_wconf 83' lang='lat' dir='ltr'>xv.</span> <span class='ocrx_word' id='word_1_214' title='bbox 245 3284 277 3341; x_wconf 90' lang='lat' dir='ltr'>ln</span> <span class='ocrx_word' id='word_1_215' title='bbox 300 3283 425 3343; x_wconf 91' lang='lat' dir='ltr'>editione</span> <span class='ocrx_word' id='word_1_216' title='bbox 451 3282 666 3361; x_wconf 73' lang='lat' dir='ltr'>Etliuburgensi</span> <span class='ocrx_word' id='word_1_217' title='bbox 691 3303 727 3341; x_wconf 85' lang='lat' dir='ltr'>ex</span> <span class='ocrx_word' id='word_1_218' title='bbox 750 3283 920 3342; x_wconf 87' lang='lat' dir='ltr'>recensione</span> <span class='ocrx_word' id='word_1_219' title='bbox 934 3281 1020 3343; x_wconf 83' lang='lat' dir='ltr'>Alex.</span> <span class='ocrx_word' id='word_1_220' title='bbox 1032 3284 1227 3366; x_wconf 75' lang='lat' dir='ltr'>Cuningbrrei</span> 
     </span>
     <span class='ocr_line' id='line_1_31' title="bbox 125 3378 1227 3457; baseline 0.006 -22"><span class='ocrx_word' id='word_1_221' title='bbox 125 3384 202 3442; x_wconf 84' lang='lat'><strong>1743</strong></span> <span class='ocrx_word' id='word_1_222' title='bbox 217 3378 317 3436; x_wconf 91' lang='lat' dir='ltr'>aViro</span> <span class='ocrx_word' id='word_1_223' title='bbox 331 3379 422 3437; x_wconf 90' lang='lat' dir='ltr'>docto</span> <span class='ocrx_word' id='word_1_224' title='bbox 444 3379 544 3437; x_wconf 89' lang='lat' dir='ltr'>nescio</span> <span class='ocrx_word' id='word_1_225' title='bbox 569 3400 628 3457; x_wconf 90' lang='lat' dir='ltr'>quo</span> <span class='ocrx_word' id='word_1_226' title='bbox 652 3389 752 3439; x_wconf 78' lang='lat' dir='ltr'>curate</span> <span class='ocrx_word' id='word_1_227' title='bbox 767 3379 921 3438; x_wconf 75' lang='lat' dir='ltr'>varietates</span> <span class='ocrx_word' id='word_1_228' title='bbox 935 3382 1086 3441; x_wconf 75' lang='lat' dir='ltr'>nonunttae</span> <span class='ocrx_word' id='word_1_229' title='bbox 1099 3404 1118 3442; x_wconf 90' lang='lat' dir='ltr'>e</span> <span class='ocrx_word' id='word_1_230' title='bbox 1140 3383 1227 3445; x_wconf 85' lang='lat' dir='ltr'>tribus</span> 
     </span>
     <span class='ocr_line' id='line_1_32' title="bbox 122 3471 1228 3558; baseline 0.009 -30"><span class='ocrx_word' id='word_1_231' title='bbox 122 3471 212 3533; x_wconf 90' lang='lat' dir='ltr'>codd.</span> <span class='ocrx_word' id='word_1_232' title='bbox 227 3483 377 3533; x_wconf 73' lang='lat' dir='ltr'>annotatos</span> <span class='ocrx_word' id='word_1_233' title='bbox 391 3483 469 3533; x_wconf 87' lang='lat' dir='ltr'>suut.</span> <span class='ocrx_word' id='word_1_234' title='bbox 512 3477 699 3535; x_wconf 84' lang='lat' dir='ltr'>Persuasernt</span> <span class='ocrx_word' id='word_1_235' title='bbox 717 3476 773 3534; x_wconf 87' lang='lat' dir='ltr'>sibi</span> <span class='ocrx_word' id='word_1_236' title='bbox 796 3477 899 3548; x_wconf 91' lang='lat' dir='ltr'>editor,</span> <span class='ocrx_word' id='word_1_237' title='bbox 920 3478 1157 3558; x_wconf 77' lang='lat' dir='ltr'>Cuninglrsrnum</span> <span class='ocrx_word' id='word_1_238' title='bbox 1179 3481 1228 3538; x_wconf 92' lang='lat' dir='ltr'>bos</span> 
     </span>
     <span class='ocr_line' id='line_1_33' title="bbox 121 3568 1228 3648; baseline 0.007 -22"><span class='ocrx_word' id='word_1_239' title='bbox 121 3568 213 3629; x_wconf 88' lang='lat' dir='ltr'>codd.</span> <span class='ocrx_word' id='word_1_240' title='bbox 228 3569 374 3648; x_wconf 86' lang='lat' dir='ltr'>inspectos</span> <span class='ocrx_word' id='word_1_241' title='bbox 389 3571 560 3632; x_wconf 88' lang='lat' dir='ltr'>contulisse.</span> <span class='ocrx_word' id='word_1_242' title='bbox 602 3572 758 3632; x_wconf 85' lang='lat' dir='ltr'>Enimvero</span> <span class='ocrx_word' id='word_1_243' title='bbox 773 3572 919 3632; x_wconf 86' lang='lat' dir='ltr'>Waddelii</span> <span class='ocrx_word' id='word_1_244' title='bbox 932 3575 1031 3635; x_wconf 83' lang='lat' dir='ltr'>codex</span> <span class='ocrx_word' id='word_1_245' title='bbox 1055 3586 1104 3636; x_wconf 81' lang='lat' dir='ltr'>est</span> <span class='ocrx_word' id='word_1_246' title='bbox 1124 3577 1228 3647; x_wconf 86' lang='lat' dir='ltr'>nullus,</span> 
     </span>
     <span class='ocr_line' id='line_1_34' title="bbox 121 3665 1230 3746; baseline 0.01 -22"><span class='ocrx_word' id='word_1_247' title='bbox 121 3665 173 3725; x_wconf 90' lang='lat' dir='ltr'>sed</span> <span class='ocrx_word' id='word_1_248' title='bbox 188 3676 257 3725; x_wconf 88' lang='lat' dir='ltr'>suut</span> <span class='ocrx_word' id='word_1_249' title='bbox 279 3669 338 3728; x_wconf 90' lang='lat' dir='ltr'>Ge.</span> <span class='ocrx_word' id='word_1_250' title='bbox 359 3667 507 3728; x_wconf 82' lang='lat' dir='ltr'>Waddelii</span> <span class='ocrx_word' id='word_1_251' title='bbox 521 3669 703 3746; x_wconf 75' lang='lat' dir='ltr'>conjecturor</span> <span class='ocrx_word' id='word_1_252' title='bbox 721 3670 750 3729; x_wconf 90' lang='lat' dir='ltr'>iu</span> <span class='ocrx_word' id='word_1_253' title='bbox 764 3668 981 3731; x_wconf 81' lang='lat' dir='ltr'>Animadverss.</span> <span class='ocrx_word' id='word_1_254' title='bbox 1004 3672 1118 3732; x_wconf 85' lang='lat' dir='ltr'>criticis</span> <span class='ocrx_word' id='word_1_255' title='bbox 1139 3674 1230 3735; x_wconf 82' lang='lat' dir='ltr'>abeo</span> 
     </span>
     <span class='ocr_line' id='line_1_35' title="bbox 122 3762 1228 3847; baseline 0.008 -28"><span class='ocrx_word' id='word_1_256' title='bbox 122 3762 291 3840; x_wconf 71' lang='lat' dir='ltr'>proposito.</span> <span class='ocrx_word' id='word_1_257' title='bbox 333 3767 402 3824; x_wconf 90' lang='lat' dir='ltr'>Duo</span> <span class='ocrx_word' id='word_1_258' title='bbox 422 3776 520 3826; x_wconf 83' lang='lat' dir='ltr'>nutem</span> <span class='ocrx_word' id='word_1_259' title='bbox 535 3767 624 3827; x_wconf 85' lang='lat' dir='ltr'>codd.</span> <span class='ocrx_word' id='word_1_260' title='bbox 640 3767 774 3826; x_wconf 85' lang='lat' dir='ltr'>Hulsiani</span> <span class='ocrx_word' id='word_1_261' title='bbox 789 3766 859 3827; x_wconf 92' lang='lat' dir='ltr'>nulli</span> <span class='ocrx_word' id='word_1_262' title='bbox 872 3767 921 3827; x_wconf 83' lang='lat' dir='ltr'>elii</span> <span class='ocrx_word' id='word_1_263' title='bbox 935 3775 1002 3834; x_wconf 81' lang='lat' dir='ltr'>suut</span> <span class='ocrx_word' id='word_1_264' title='bbox 1023 3788 1115 3847; x_wconf 79' lang='lat' dir='ltr'>quesn</span> <span class='ocrx_word' id='word_1_265' title='bbox 1138 3771 1228 3830; x_wconf 86' lang='lat' dir='ltr'>codex</span> 
     </span>
     <span class='ocr_line' id='line_1_36' title="bbox 121 3859 1228 3945; baseline 0.008 -28"><span class='ocrx_word' id='word_1_266' title='bbox 121 3859 290 3920; x_wconf 82' lang='lat' dir='ltr'>Perisiensis</span> <span class='ocrx_word' id='word_1_267' title='bbox 305 3862 424 3939; x_wconf 86' lang='lat' dir='ltr'>Regius,</span> <span class='ocrx_word' id='word_1_268' title='bbox 446 3873 475 3922; x_wconf 93' lang='lat' dir='ltr'>et</span> <span class='ocrx_word' id='word_1_269' title='bbox 490 3864 661 3923; x_wconf 84' lang='lat' dir='ltr'>Markinnus</span> <span class='ocrx_word' id='word_1_270' title='bbox 676 3884 727 3923; x_wconf 88' lang='lat' dir='ltr'>seu</span> <span class='ocrx_word' id='word_1_271' title='bbox 741 3862 957 3936; x_wconf 82' lang='lat' dir='ltr'>Parrhesisnus,</span> <span class='ocrx_word' id='word_1_272' title='bbox 968 3863 1006 3923; x_wconf 91' lang='lat' dir='ltr'>de</span> <span class='ocrx_word' id='word_1_273' title='bbox 1020 3865 1132 3941; x_wconf 89' lang='lat' dir='ltr'>quibus</span> <span class='ocrx_word' id='word_1_274' title='bbox 1144 3867 1228 3945; x_wconf 82' lang='lat' dir='ltr'>paulo</span> 
     </span>
     <span class='ocr_line' id='line_1_37' title="bbox 122 3957 1227 4042; baseline 0.009 -29"><span class='ocrx_word' id='word_1_275' title='bbox 122 3957 316 4016; x_wconf 88' lang='lat' dir='ltr'>antedictum</span> <span class='ocrx_word' id='word_1_276' title='bbox 331 3967 386 4029; x_wconf 88' lang='lat' dir='ltr'>est,</span> <span class='ocrx_word' id='word_1_277' title='bbox 408 3960 544 4035; x_wconf 91' lang='lat' dir='ltr'>equibus</span> <span class='ocrx_word' id='word_1_278' title='bbox 558 3961 651 4019; x_wconf 83' lang='lat' dir='ltr'>varias</span> <span class='ocrx_word' id='word_1_279' title='bbox 672 3960 813 4020; x_wconf 89' lang='lat' dir='ltr'>lectiones</span> <span class='ocrx_word' id='word_1_280' title='bbox 827 3960 856 4018; x_wconf 92' lang='lat' dir='ltr'>in</span> <span class='ocrx_word' id='word_1_281' title='bbox 870 3960 942 4020; x_wconf 90' lang='lat' dir='ltr'>edit.</span> <span class='ocrx_word' id='word_1_282' title='bbox 958 3961 1086 4021; x_wconf 81' lang='lat' dir='ltr'>Maevic.</span> <span class='ocrx_word' id='word_1_283' title='bbox 1107 3983 1227 4042; x_wconf 81' lang='lat' dir='ltr'>excerp·</span> 
     </span>
     <span class='ocr_line' id='line_1_38' title="bbox 123 4056 1227 4137; baseline 0.011 -29"><span class='ocrx_word' id='word_1_284' title='bbox 123 4062 168 4109; x_wconf 82' lang='lat' dir='ltr'>tas</span> <span class='ocrx_word' id='word_1_285' title='bbox 182 4063 248 4112; x_wconf 88' lang='lat' dir='ltr'>ante</span> <span class='ocrx_word' id='word_1_286' title='bbox 262 4057 365 4115; x_wconf 88' lang='lat' dir='ltr'>oeulos</span> <span class='ocrx_word' id='word_1_287' title='bbox 381 4056 484 4115; x_wconf 85' lang='lat' dir='ltr'>babuit</span> <span class='ocrx_word' id='word_1_288' title='bbox 502 4058 739 4137; x_wconf 82' lang='lat' dir='ltr'>Cuningbnnrus;</span> <span class='ocrx_word' id='word_1_289' title='bbox 767 4067 908 4135; x_wconf 82' lang='lat' dir='ltr'>quantum</span> <span class='ocrx_word' id='word_1_290' title='bbox 929 4077 1082 4136; x_wconf 68' lang='lat' dir='ltr'>usequor,</span> <span class='ocrx_word' id='word_1_291' title='bbox 1103 4060 1227 4120; x_wconf 82' lang='lat' dir='ltr'>Codices</span> 
     </span>
     <span class='ocr_line' id='line_1_39' title="bbox 122 4148 1228 4236; baseline 0.013 -32"><span class='ocrx_word' id='word_1_292' title='bbox 122 4163 185 4211; x_wconf 70' lang='lat' dir='ltr'>nou,</span> <span class='ocrx_word' id='word_1_293' title='bbox 196 4148 278 4212; x_wconf 90' lang='lat' dir='ltr'>vidit.</span> <span class='ocrx_word' id='word_1_294' title='bbox 318 4153 426 4233; x_wconf 87' lang='lat' dir='ltr'>Neque</span> <span class='ocrx_word' id='word_1_295' title='bbox 450 4153 498 4215; x_wconf 92' lang='lat' dir='ltr'>ille</span> <span class='ocrx_word' id='word_1_296' title='bbox 518 4154 589 4217; x_wconf 90' lang='lat' dir='ltr'>edd.</span> <span class='ocrx_word' id='word_1_297' title='bbox 604 4164 715 4218; x_wconf 87' lang='lat' dir='ltr'>veteres</span> <span class='ocrx_word' id='word_1_298' title='bbox 733 4162 821 4223; x_wconf 72' lang='lat'><strong>1472.</strong></span> <span class='ocrx_word' id='word_1_299' title='bbox 834 4165 865 4217; x_wconf 89' lang='lat' dir='ltr'>et</span> <span class='ocrx_word' id='word_1_300' title='bbox 881 4164 972 4229; x_wconf 71' lang='lat'><strong>1474.</strong></span> <span class='ocrx_word' id='word_1_301' title='bbox 988 4155 1054 4236; x_wconf 84' lang='lat' dir='ltr'>ipse</span> <span class='ocrx_word' id='word_1_302' title='bbox 1067 4156 1228 4236; x_wconf 75' lang='lat' dir='ltr'>inspexisse</span> 
     </span>
    </p>
   </div>
   <div class='ocr_carea' id='block_1_4' title="bbox 0 0 1350 4686">
    <p class='ocr_par' dir='ltr' id='par_1_13' title="bbox 0 0 1350 4686">
     <span class='ocr_line' id='line_1_40' title="bbox 0 0 1350 4686; baseline 0 0"><span class='ocrx_word' id='word_1_303' title='bbox 0 0 1350 4686; x_wconf 95' lang='lat' dir='ltr'> </span> 
     </span>
    </p>
   </div>
  </div>
 </body>
</html>
