2664 4686
388 324 439 372 an
463 323 633 375 anninus
654 324 728 373 arn.
752 325 818 374 vu.
1086 304 1173 380 4295
1269 334 1281 355 ·

93 465 201 532 ilum
213 466 285 531 boe
300 484 419 531 nomen
433 469 651 552 symbolicum
675 487 758 536 mox
780 475 816 534 ot
839 469 1049 553 ipsuminter
1062 475 1170 536 vetas-

88 570 222 651 inarimos
236 563 340 631 Italia
360 566 462 632 herois
476 589 536 633 seu
554 567 734 637 Deosesset
756 572 906 648 rolatum,
920 571 1105 636 dubitatum
1118 578 1172 638 est

88 666 283 733 uerJauum
297 678 326 732 et
344 668 526 748 Saturnum,
542 679 612 735 uter
626 673 727 736 altero
745 677 833 735 esset
847 672 1021 754 antiquior.
1065 670 1172 737 Pleri-

88 790 134 836 ue
147 776 259 835 tamen
276 769 299 835 J
301 790 399 835 anum
412 773 555 854 priorem
567 771 699 835 ltaliam
714 772 896 837 obtinuisse
906 776 1049 848 narrant,
1064 777 1098 836 et
1111 761 1171 842 adr

88 890 189 937 mam
213 872 389 936 Saturnum
411 875 455 935 ab
480 892 521 935 ao
546 892 621 936 esso
646 879 841 955 exceptum:
864 872 907 936 cf.
919 871 1019 935 ovid.
1033 871 1125 938 Fast.
1142 891 1175 950 1,'

88 970 133 1037 33
155 992 231 1055 sqq.
258 978 292 1036 et
302 971 461 1036 Macmh.
486 972 600 1050 Satssr,
615 976 647 1039 7.
701 971 785 1037 Cum
802 974 913 1056 itaqua
937 972 1034 1038 Maro
1060 979 1170 1041 nostor

88 1073 125 1138 b.
142 1090 228 1151 vru,
249 1074 315 1138 319
335 1073 469 1157 primum
499 1074 676 1139 Saturnum
697 1076 731 1137 in
756 1073 889 1138 ltaliam
912 1076 1043 1140 venisse
1067 1075 1167 1153 dicat,

88 1174 170 1239 tulta
184 1176 326 1256 argutati
352 1181 429 1239 sunt
443 1176 544 1239 etiam
558 1182 697 1253 veteres,
712 1181 748 1239 ut
761 1176 844 1239 bauo
866 1175 1092 1241 difficultatem
1107 1197 1177 1242 err-1

88 1276 224 1341 adirent.
267 1277 363 1340 'l'alis
389 1277 569 1360 disputatio
591 1277 682 1359 apud
695 1276 809 1343 Aurel.
824 1278 993 1343 Victorem
1007 1278 1048 1342 0.
1064 1278 1108 1345 G.
1120 1279 1172 1365 Rq

88 1376 282 1458 ‚liegiturz
309 1395 410 1458 quam
436 1377 565 1440 inanem
579 1396 666 1455 esse,
689 1397 734 1442 ex
758 1379 981 1462 superioribus
1005 1379 1105 1446 facile
1117 1382 1167 1445 in·
1300 1378 1307 1392 “

88 1477 228 1559 lligitur.
273 1477 348 1541 Nec
363 1498 442 1542 vero
463 1477 486 1541 J
489 1497 587 1542 anum
612 1479 762 1546 excludit
783 1480 954 1562 Virgilius,
968 1482 1028 1546 sed
1044 1480 1168 1564 primus

88 1576 144 1643 nil
159 1579 248 1642 aliud
269 1583 330 1656 ost,
344 1597 445 1662 quam
459 1579 574 1661 primis
584 1579 616 1643 b.
628 1599 659 1644 e.
678 1580 819 1662 antiquis
830 1581 1044 1662 temporibus,
1059 1582 1167 1665 prima

88 1680 233 1745 uminum
248 1686 356 1745 aetate.
401 1679 467 1742 Sed
493 1679 577 1744 sorte
592 1685 664 1744 tota
684 1681 743 1743 illa
757 1680 797 1743 de
818 1679 965 1756 Saturni,
986 1681 1166 1764 etquidem

88 1782 140 1846 rvi
155 1781 255 1858 vecti,
268 1778 292 1844 J
294 1800 357 1844 ano
371 1788 525 1863 regnante
538 1783 573 1845 in
588 1781 723 1846 Italiam
731 1781 874 1847 adventu
883 1783 1030 1847 narratio
1042 1781 1166 1847 nullam

88 1883 249 1947 aviorem
262 1901 400 1946 causam
410 1902 452 1946 ac
465 1882 602 1947 fundum
616 1885 685 1948 veri
697 1883 809 1961 habet,
823 1901 924 1966 quam
938 1883 1027 1966 quod
1037 1883 1165 1968 antiqui

88 1984 152 2049 nni
177 1982 278 2046 altera
300 1990 394 2066 parta
417 1986 513 2047 navis
537 1990 693 2062 rostrum,
717 1985 819 2050 altera
840 1982 964 2049 Janum
991 1984 1166 2051 bifrontem

88 2083 246 2165 tbcbant3
268 2085 330 2146 etsi
344 2084 397 2147 bis
413 2083 454 2147 de
468 2085 570 2167 signis
582 2085 650 2148 dici
664 2085 725 2149 vix
745 2090 856 2169 potest
867 2103 967 2168 quam
981 2085 1087 2149 multa
1106 2106 1163 2150 ve-

88 2202 143 2249 ras
168 2190 365 2267 argutantur.
389 2183 442 2269 Cf,
465 2185 565 2250 Ovid.
589 2185 680 2250 Fast
704 2186 728 2250 1.
741 2206 771 2251 c.
794 2192 827 2249 et
841 2183 1162 2262 Plutarch.·Quaest.

88 2302 159 2349 om.
174 2304 209 2368 p.
223 2286 289 2349 274
305 2304 340 2348 n.
358 2303 389 2346 n.
422 2285 541 2367 Neque
555 2286 728 2360 absimilis,
745 2286 913 2367 suspicor,
924 2286 1010 2348 ratio
1022 2284 1162 2363 induxit,

88 2384 233 2450 :Ianum
248 2385 546 2467 Satumumqua‘in
560 2384 650 2465 regni
664 2384 823 2448 societate
842 2384 968 2448 vixisse
981 2385 1170 2454 traderent-2.
1196 2432 1203 2447 ,

88 2485 325 2567 nudoquidem
336 2486 455 2549 vicinis
469 2486 611 2549 collibus
620 2486 755 2550 nomina
766 2505 879 2549 eorum
888 2487 1160 2571 erantimposita;

88 2585 268 2652 ianiculum
283 2586 371 2663 buic,
390 2587 438 2650 illi
451 2585 559 2651 suerat
573 2587 726 2651 Saturnia
736 2585 866 2651 nomen’
880 2588 939 2652 lib.
952 2603 1035 2667 vrrr,
1049 2590 1126 2657 358.
1157 2620 1161 2629 ¹

96 2686 273 2753 Secundus
288 2708 310 2751 a
324 2689 463 2752 Saturno
478 2690 568 2772 apud
581 2689 713 2773 prtitam
726 2694 872 2754 nostrum
889 2686 986 2753 Picus
998 2709 1160 2757 memora·

88 2786 143 2853 'rl.
158 2807 190 2852 c·
214 2804 281 2864 vu,
294 2789 350 2853 48.
372 2789 416 2853 to
453 2789 717 2873 ‘Picus—isque
738 2795 905 2873 parentem
931 2789 992 2869 Te,
1006 2790 1158 2871 Saturne,

88 2886 174 2955 tert?
219 2889 366 2954 Primum
389 2891 520 2954 omnino
544 2892 712 2972 sanguinis
736 2897 904 2956 auctorem
926 2911 987 2974 per
1010 2895 1160 2976 parentis

88 3008 178 3057 roem
202 3010 294 3073 saepe
316 2992 488 3067 declarari,
510 2999 544 3054 et
558 2998 656 3054 notus
677 2997 729 3054 est
748 2991 906 3072 loquendi
923 3010 1008 3068 mos,
1024 2999 1061 3056 ut
1074 2995 1160 3057 Bur-

88 3102 198 3156 tnnus
211 3090 255 3154 ad
269 3090 301 3156 h.
316 3091 340 3154 l.
356 3092 494 3154 monuit.
515 3089 538 3152 J
541 3091 595 3152 ani
609 3090 722 3172 utique
743 3109 788 3153 ex
802 3089 937 3154 Venilia
959 3090 1075 3169 filiam,
1094 3092 1158 3156 Cu·

88 3201 186 3270 atera,
202 3211 341 3256 uxorem
363 3193 520 3256 babuisse
543 3196 701 3255 narratur.
745 3190 856 3255 Multa
871 3197 946 3256 sunt
967 3191 1001 3253 in
1014 3192 1076 3256 hac
1088 3194 1157 3258 hie

88 3292 146 3359 riar
160 3295 306 3376 antiquae
315 3299 408 3375 parte
416 3294 549 3357 nomina
563 3294 607 3357 ab
620 3292 715 3358 initio
724 3293 917 3377 symbolica,
926 3292 989 3357 atsi
1001 3292 1154 3362 obscurae

88 3412 136 3461 tnc
151 3395 220 3458 tera
245 3394 537 3476 interpretationis,
550 3414 627 3477 quae
643 3396 679 3459 in
692 3396 782 3461 viros
797 3414 838 3459 ac
864 3395 1018 3459 foeminas
1032 3397 1154 3471 abiisse

88 3494 213 3560 dentur.
256 3492 365 3559 Janus
379 3495 512 3578 quidem
532 3497 711 3562 secundum
727 3499 811 3579 alios
828 3494 985 3573 Cameren,
1007 3517 1154 3564 sororem

88 3597 291 3680 =oonjugem,
301 3596 480 3660 secundum
495 3598 588 3662 alios.
598 3595 754 3662 Vetilium
764 3598 1016 3663 inmatrimonio
1027 3599 1152 3665 babuit.

88 3714 191 3761 lmese
202 3698 259 3760 rix
274 3696 342 3760 alia
366 3696 429 3761 fuit
443 3717 543 3779 quam
558 3696 724 3763 Camasna
736 3704 770 3762 et
791 3698 948 3776 Camena,
964 3707 1009 3764 ut.
1024 3699 1153 3766 Casmi-

88 3817 112 3876 s,
137 3796 300 3862 Camillus
326 3797 374 3883 (v.
386 3799 465 3863 AEn.
483 3816 539 3875 xr,
555 3801 631 3865 543.
653 3800 696 3865 cf.
710 3799 819 3864 Varro
842 3799 883 3866 da
904 3800 945 3865 L.
960 3801 1001 3866 L.
1026 3818 1078 3879 vr,
1092 3800 1151 3885 3);

88 3903 144 3964 tus
160 3900 268 3964 ltaliae
280 3918 412 3977 numen,
427 3901 470 3964 ad
481 3901 593 3985 pluras
609 3902 713 3979 Duas,
731 3900 882 3965 Cumcnm
895 3901 1012 3980 dictas,
1022 3902 1154 3971 traduc·

88 4016 130 4078 n,
143 4019 229 4085 quas
244 4019 321 4064 cum
335 3998 448 4069 Musis
462 4001 641 4085 aliquando
656 4003 873 4068 confuderunt
884 4002 1046 4068 Romani.
1084 3999 1152 4064 In-

88 4119 126 4168 un
144 4103 278 4170 iis-cum
299 4102 389 4168 sonte
413 4102 527 4171 Numa
541 4105 731 4172 dicaverat:
756 4105 799 4169 ad
819 4125 878 4171 eas
891 4105 980 4171 enim
992 4105 1152 4189 pleraque
