2664 4686
185 312 274 379 wli
536 366 540 373 .
564 325 763 375 axonasus
785 324 810 373 ι.
832 308 855 351 ⁸
878 307 900 351 ⁸

186 479 238 537 tes
274 470 438 535 Minervae
467 471 660 533 tribuuntur.
704 467 911 549 Gonjunctas
947 483 1005 529 ees
1035 486 1116 529 cum
1146 465 1280 551 Neptmi

188 592 291 654 opera
316 573 417 636 fuisse
441 571 513 653 jam
537 591 580 632 cx
606 569 730 652 Odyss.
757 571 833 632 loeo
861 567 950 635 laud.
980 576 1020 644 Δ,
1042 570 1112 632 502
1133 576 1281 632 tenemus.

190 670 259 735 Ubi
276 671 364 755 :ljax
377 682 426 735 est
441 669 588 755 ixto'pnrc
602 670 709 753 Ἄκη.
755 669 796 732 ln
810 670 926 731 eadem
940 675 979 744 Γ,
996 669 1071 732 135.
1096 669 1195 732 soeda
1214 676 1282 733 ten·

189 782 318 857 pestate
332 776 480 836 immissa
496 772 680 835 Minervam
692 773 741 834 ira
753 770 916 833 concitam
930 771 1072 832 classem
1088 768 1283 833 Achivorum
1321 826 1325 831 .

188 872 292 957 'l'roja
306 875 506 939 redeuntium
530 875 727 955 dispersisse
751 878 860 934 narrat
882 870 1002 952 poeta:
1024 875 1068 953 τῷ
1092 868 1188 951 σφέων
1202 867 1283 943 πολέες

191 974 279 1035 κακὸν
316 972 386 1035 οἶτον
420 971 537 1034 ἐπέσπον
563 972 665 1047 Μήνιος
687 973 718 1046 ἐξ
742 973 822 1044 ὀλοῆς
846 968 1047 1044 Mummios
1073 968 1282 1058 ὀβριμοπάτρης.

191 1073 320 1137 Similia
334 1082 410 1138 sunt
425 1074 490 1138 0d.
514 1081 552 1151 E,
575 1074 650 1138 108.
676 1073 709 1137 9.
754 1071 900 1135 Causam
922 1076 981 1137 irae
1009 1073 1176 1137 Minervae
1190 1073 1282 1154 subje-

191 1181 303 1238 cerant
317 1174 456 1258 cyclici,
479 1182 608 1256 raptam
630 1175 664 1237 in
688 1173 821 1236 excidio
843 1172 957 1257 'l'rojae
982 1172 1234 1236 Cassandram:
1253 1170 1283 1233 do

191 1292 260 1356 qua
288 1295 391 1358 nuper
420 1276 582 1358 praeclare
613 1275 682 1354 egit
711 1272 847 1354 Bottgcr
871 1272 935 1336 Vir
957 1272 1188 1336 doctissimus.
1231 1270 1283 1333 Pro

191 1373 300 1458 primo
316 1375 414 1439 famae
428 1375 528 1456 hujus
543 1381 674 1437 auctore
688 1373 803 1436 haberi
817 1379 930 1455 potest
943 1371 1108 1455 Arctinm
1122 1373 1160 1435 in
1174 1370 1284 1434 Iliiex·

192 1473 302 1554 oidi03
324 1477 412 1557 quod
433 1496 478 1538 ex
499 1475 612 1538 Procli
635 1474 815 1556 fragmento
840 1492 933 1556 saepe
956 1473 1096 1536 laudato
1121 1472 1285 1554 intelligere

191 1574 288 1639 licet:
311 1575 369 1637 ubi
382 1574 475 1657 Ajax
492 1572 683 1659 Κασσάνδραν
700 1575 768 1658 πρὸς
782 1570 850 1649 βίαν
866 1576 1022 1651 &wrcin-
1035 1567 1245 1648 συνεφέλκεται
1261 1570 1285 1633 ri

193 1678 242 1748 τῆς
255 1675 367 1749 Ἀθηνᾶς
381 1675 485 1750 ξόανον.
530 1677 640 1741 Petita
653 1695 735 1740 mox
749 1677 793 1740 ab
805 1695 847 1739 eo
859 1694 961 1757 poena
975 1675 1143 1755 sacrilegii
1167 1674 1213 1737 ad
1233 1670 1286 1736 ldi-

192 1792 302 1837 nervae
339 1794 428 1837 aram
464 1776 612 1856 confugit
641 1775 734 1859 Ajax
762 1780 796 1837 et
826 1782 998 1852 servatur3
1028 1780 1101 1837 tum
1126 1770 1287 1838 discedmt

194 1871 320 1950 Groeci‚
342 1875 391 1939 καὶ
417 1874 516 1961 φθορὰν
538 1879 631 1948 αὐτοῖς
656 1882 672 1950 ἡ
696 1874 800 1950 Ἀθηνᾶ
821 1880 899 1937 κατὰ
919 1875 952 1937 τὸ
972 1872 1105 1958 simos
1119 1880 1287 1959 μηχανᾶται.

194 1970 361 2054 Exposita
374 1974 458 2038 adeo
472 1977 507 2037 in
521 1977 587 2039 isto
601 1977 746 2039 carmine
760 1975 891 2039 videtur
903 1976 1010 2040 fuisse
1030 1978 1130 2054 ratio,
1152 1995 1222 2058 qua
1236 1974 1289 2040 lli·

195 2090 297 2137 nerva
312 2070 451 2155 Ajacem
465 2076 536 2137 ulta
561 2084 632 2138 cst:
656 2075 784 2163 scilicet
808 2076 900 2157 quod
922 2077 982 2139 illa
1005 2077 1084 2158 ipsa
1105 2076 1232 2139 fulmen
1244 2092 1289 2139 sor

196 2175 343 2257 arripuit,
366 2194 424 2238 seu
438 2194 460 2236 a
472 2173 559 2238 Jove
572 2175 723 2251 obtinuit,
739 2194 807 2256 quo
821 2173 960 2258 Ajacem
982 2176 1115 2258 trajecit
1127 2182 1161 2241 et
1181 2194 1289 2259 seopu-

195 2277 229 2341 lo
244 2276 360 2339 affixit.
406 2276 483 2371 ῌοο
509 2278 615 2339 secuti
644 2282 722 2339 sunt
740 2276 886 2356 Tragici.
930 2275 1027 2340 Certe
1052 2277 1213 2360 Hyginus
1234 2277 1289 2340 on.

197 2376 272 2440 116.
295 2363 391 2458 quem
406 2382 631 2457 argumentum
653 2374 803 2437 Ναυπλίου
824 2373 969 2459 πυρκᾳέως
993 2375 1175 2458 Sophoclis
1200 2394 1290 2459 expo

197 2496 275 2541 nere
303 2480 465 2561 suspicari
492 2480 589 2541 licet:
621 2480 675 2541 ‘in
705 2478 794 2560 qua,’
816 2480 933 2560 inquit,
957 2483 1182 2561 ‘tempestate
1210 2478 1293 2562 Ajax

199 2572 327 2640 locrus
340 2577 475 2641 fulmine
490 2585 541 2640 est
555 2596 576 2639 a
592 2575 745 2645 Minerva
759 2579 865 2656 ictus3
888 2598 987 2659 quem
999 2578 1124 2642 fluctus
1149 2579 1195 2642 ad
1220 2596 1295 2643 saxa

199 2676 376 2755 illiserunt3
412 2677 497 2740 unde
526 2675 644 2759 Ajacis
672 2685 775 2759 petrae
805 2684 882 2742 sunt
904 2678 1035 2743 dictaet’
1072 2680 1205 2743 scilicet
1227 2698 1295 2764 quur

199 2775 299 2856 vulgo
313 2784 389 2839 sunt
404 2775 505 2859 Gyrae
519 2796 577 2840 seu
592 2777 727 2860 Gpraeae
750 2784 864 2859 petrae.
908 2775 1064 2859 (Eadem,
1085 2778 1148 2841 sed
1174 2778 1298 2862 Neptu·

200 2893 245 2939 no
273 2878 392 2953 ascito,
413 2879 449 2941 in
462 2876 710 2959 Agamemnone
734 2879 871 2943 Senecae
886 2880 951 2943 528
965 2899 1015 2961 sq.
1033 2880 1163 2959 tragico
1177 2886 1299 2944 tumore

201 2983 276 3040 sunt
289 2975 445 3059 narrata.)
466 2979 564 3051 Patet
577 2979 661 3043 adeo
674 2999 718 3043 ex
740 2980 804 3055 his,
826 2979 1003 3061 Virgilium
1028 2979 1302 3062 tragicosetim

201 3078 236 3143 in
250 3075 357 3159 Ajace
381 3099 456 3144 esse
481 3086 641 3144 secanam.
684 3080 809 3145 Taetza
823 3079 999 3145 Antehom.
1013 3082 1080 3145 300
1093 3100 1148 3165 sq.
1162 3079 1302 3165 Ajacem

202 3176 236 3239 in
262 3178 436 3241 discrimen
465 3179 643 3243 adductum
671 3182 729 3256 ait,
760 3182 841 3261 qaia
865 3181 943 3244 odio
966 3179 1100 3263 Ulyssis
1123 3181 1304 3264 reliquerat

203 3276 364 3355 classem3
379 3278 609 3343 dilucidathoc
621 3279 841 3347 Philostratus
850 3281 988 3344 Heroic.
1002 3280 1036 3345 8.
1051 3299 1201 3358 narrans,
1215 3279 1305 3363 Agr·

203 3394 407 3440 memnonem
431 3380 622 3443 insidiatum
651 3379 763 3464 Ajaci,
793 3383 848 3445 cui
872 3380 1098 3447 Cassandram
1126 3382 1305 3465 eripuerat,

204 3475 288 3542 salso
303 3479 437 3541 crimine
458 3482 645 3563 opprimere
669 3485 814 3550 voluisse
835 3503 922 3562 eum,
951 3502 1051 3569 quem
1075 3483 1201 3571 injuria
1225 3504 1250 3553 a
1270 3504 1306 3553 er

206 3575 358 3647 affectum
372 3580 437 3645 sibi
452 3581 553 3647 irasci
566 3588 672 3649 norat.
