2664 4686
351 315 403 363 in
426 310 599 363 assinos
622 313 696 363 nis.
712 315 778 364 vn.
1023 296 1113 365 caca

97 464 208 525 umen
221 458 400 543 scriptores
414 459 561 542 antiquae
574 458 674 523 famae
689 459 730 524 de
744 459 826 523 iube
844 458 878 524 in
891 459 979 537 loco,
994 456 1030 525 in
1043 482 1112 547 qno

92 564 226 627 inventa
243 559 361 636 fuerat,
381 561 563 639 condenda,
584 560 661 625 dum
681 562 745 625 hoc
768 560 988 646 adjiciebant:
1011 561 1114 628 Suam
1244 616 1247 622 .

92 684 149 729 am
171 663 380 733 mactandam
402 663 568 746 effugisse,
592 670 626 727 et
649 663 800 740 AEneam,
826 664 882 746 qui
909 683 984 726 eam
1003 684 1115 747 perso·

92 773 199 841 serat,
213 767 405 848 pervenisse
419 766 462 829 ad
477 786 553 829 eum
564 767 687 841 locum,
702 767 735 829 in
753 785 820 849 quo
841 764 1020 848 aliquando
1033 768 1113 833 urbs

92 866 147 931 lita
170 865 251 930 fuit:
274 886 307 930 v.
333 866 474 950 Dionys.
498 883 523 943 1,
549 867 594 931 56
618 884 716 948 supra
740 865 922 944 laudatum,
944 874 979 932 et
1000 866 1114 934 Aurei.
1185 946 1190 952 ¹

92 966 171 1033 .0.
189 967 233 1032 G.
257 967 301 1032 R.
326 969 428 1033 cll.
472 967 594 1032 Iterum
616 974 726 1032 amen
750 969 912 1032 variatam
934 971 1114 1052 reperimus

92 1071 243 1146 ationem,
257 1089 333 1133 cum
353 1070 547 1134 vaticinium
565 1068 665 1133 modo
685 1066 729 1131 ad
748 1067 935 1146 Lavinium,
950 1068 1051 1134 modo
1068 1071 1113 1135 ad

92 1190 134 1235 un
159 1169 310 1251 longam
336 1170 446 1234 referri
472 1170 644 1234 videamus
672 1169 708 1232 in
736 1169 853 1233 iisdem
882 1171 1112 1254 scriptoribus.

92 1290 164 1335 cura
177 1292 311 1355 quoque
324 1278 375 1336 est
390 1270 537 1336 Maronis
552 1272 713 1337 sententia
734 1272 782 1349 (in
795 1272 953 1337 vaticinio
967 1272 989 1335 l.
1004 1292 1036 1337 c.
1054 1287 1111 1351 ιη,

92 1372 502 1456 w‘itlssetv111‚d2sqq.);
521 1374 756 1438 sedostentum
770 1372 815 1437 ad
830 1371 1113 1456 Albamlongam

92 1478 161 1539 tare
186 1473 270 1538 satis
292 1474 412 1539 diserte
431 1476 590 1550 declarat,
614 1477 726 1539 urbem
751 1477 796 1539 ab
819 1474 928 1539 AEnea
948 1475 1116 1540 conditam

104 1573 303 1655 Insininm3
325 1575 389 1641 etsi
411 1596 502 1641 suem
524 1597 565 1641 eo
588 1577 699 1640 statim
720 1577 796 1640 loco
816 1581 953 1654 mactat,
978 1592 1048 1660 quo
1072 1592 1116 1639 ea

101 1675 209 1743 iuerat
223 1694 306 1755 vni,
320 1678 461 1743 81-85.
1112 1730 1120 1761 ·.

92 1786 320 1843 immemorata
332 1778 405 1844 haec
428 1798 450 1843 a
468 1799 520 1844 me
542 1784 618 1844 sunt
638 1781 736 1845 etiam
758 1784 945 1863 propterea,
959 1778 1120 1865 quonian

107 1880 194 1942 viros
215 1879 332 1944 doctos
350 1879 519 1962 duplicem
539 1878 660 1945 Albam
683 1900 728 1943 ex
749 1880 802 1943 his
815 1879 1009 1963 Virffl'lianis
1031 1880 1116 1947 locis

92 1978 211 2044 lidisse.
256 1979 339 2044 Sunt
370 1980 513 2046 Xaverii
546 1980 702 2046 Matthaei
724 2000 785 2065 per
808 1986 954 2046 saturam
977 1980 1117 2047 Exerci-

92 2098 157 2145 nes
188 2079 301 2163 Neap·
323 2082 420 2157 1769,
450 2082 509 2164 qui
542 2100 619 2165 pag.
648 2081 693 2145 59
737 2081 928 2145 ‘diversam
951 2083 995 2144 ab
1023 2081 1118 2145 Alba

92 2198 132 2265 gu
147 2178 245 2244 aliam
258 2187 399 2245 veterem
414 2178 537 2244 Albam
548 2181 584 2244 in
597 2180 737 2245 Tiberis'
750 2181 858 2246 littore
873 2182 977 2245 fuisse
990 2181 1115 2258 statuit,

92 2302 199 2367 quea
226 2280 328 2365 poeta
350 2282 403 2347 his
427 2283 538 2347 verbis
563 2281 746 2347 declarari:
778 2282 875 2347 ‘Hic
902 2282 997 2346 locus
1023 2281 1118 2346 urbis

92 2402 163 2447 -ex
176 2382 252 2466 quo’
267 2383 368 2461 (loco,
378 2382 477 2462 unde)
492 2389 570 2468 post
585 2398 673 2446 xxx
688 2402 804 2462 annoS,
821 2388 831 2417 ‘
847 2381 1014 2447 Ascanius
1033 2381 1118 2447 clari

92 2482 134 2548 let
147 2484 352 2565 cognominis
372 2481 516 2548 Albam!
559 2482 667 2569 Atqui
689 2484 785 2549 istius
807 2482 1002 2566 antiquioris
1015 2479 1116 2547 Albe

92 2604 175 2669 [nam
189 2585 269 2649 alibi
283 2585 375 2649 lacta
388 2586 509 2649 mentio
524 2586 679 2651 occurrit

92 2684 233 2751 ¹actenus
246 2683 380 2767 politam
393 2691 521 2749 veteres
533 2684 664 2751 tabidas
678 2686 849 2768 suscipere
867 2683 1034 2764 vidimus3
1057 2681 1117 2748 sed

101 2804 169 2850 non
191 2785 262 2848 sine
281 2785 412 2867 judicio
432 2784 556 2850 iactum
578 2787 677 2852 etiam
696 2806 741 2850 ex
763 2787 827 2851 hcc
846 2787 982 2871 judices
1004 2785 1117 2864 velim,

92 2883 104 2948 Ι
116 2884 202 2948 alias
215 2886 249 2948 in
261 2883 376 2947 eadem
396 2904 431 2948 re
452 2905 518 2949 non
540 2886 759 2968 infrequentes
772 2906 833 2951 nec
848 2888 1009 2952 obscuras
1023 2887 1119 2950 fabu-

92 2987 215 3069 rprevit
241 2990 274 3049 et
300 2986 466 3067 neglexit3
498 2985 606 3066 qualis
632 2986 692 3048 illa
714 2991 777 3063 est,
802 3007 902 3068 quam
931 2986 1118 3069 Dionysius

92 3107 173 3172 uam
199 3089 242 3150 ab
271 3087 432 3168 indigenis
462 3093 634 3168 acceptam
662 3091 774 3151 narrat
800 3086 858 3148 lib.
890 3102 915 3161 1,
945 3087 1000 3162 55,
1029 3085 1119 3169 quod

92 3207 155 3253 usu
178 3188 269 3252 iacto
297 3189 329 3250 in
357 3207 481 3270 magna
503 3206 601 3269 aquae
624 3186 766 3269 penuria
787 3185 953 3268 scaturigo
976 3203 1022 3248 ex
1044 3183 1120 3249 solo

92 3289 161 3354 aiil.
206 3288 295 3353 Fons
317 3289 407 3354 Solis
427 3289 502 3353 inde
526 3289 686 3372 appellari
708 3289 824 3371 coepit,
847 3307 923 3351 cum
941 3286 1030 3350 binis
1050 3285 1120 3350 aris

92 3390 214 3454 ntibus.
259 3388 362 3452 Aliud
377 3390 546 3454 oraculum
567 3388 735 3473 Apollinis
756 3386 924 3471 Delphici,
937 3393 976 3450 ut
990 3386 1119 3451 AEneas

92 3489 283 3567 wnsidcret,
302 3490 359 3552 ubi
381 3489 447 3554 duo
469 3492 576 3553 maria
597 3492 788 3575 invenisset,
814 3508 833 3552 e
857 3487 1006 3551 Domitio
1028 3485 1121 3572 apud

92 3598 112 3659 t.
130 3592 304 3659 Aurelium
328 3594 420 3659 vict.
442 3614 473 3658 c.
489 3594 543 3670 12,
563 3595 621 3656 sed
636 3593 779 3670 indocte,
795 3600 952 3670 narratur,
975 3611 1053 3655 nam
1075 3590 1121 3657 ad

96 3700 215 3777 stagna
230 3715 328 3776 aquae
346 3695 446 3757 salsa
469 3695 503 3756 in
524 3712 604 3775 agro
629 3692 791 3757 Laurente
804 3692 954 3770 nahimr,
970 3691 1121 3779 quodqad

92 3816 106 3861 s
131 3796 307 3859 Etnmcum
330 3800 364 3857 et
389 3793 514 3858 Lacum
536 3793 721 3857 Ostiensem
743 3793 947 3857 referendum
970 3800 1063 3874 erat;
1084 3797 1123 3857 ut

102 3897 264 3961 monitum
282 3893 383 3958 video
405 3916 426 3958 a
448 3894 602 3958 Cluverio
625 3913 660 3975 p.
674 3894 750 3957 882.
793 3892 943 3957 Tandem
956 3898 1122 3973 canutum

92 3998 209 4063 avinio
223 3994 395 4061 condenda
408 3996 556 4059 oblatum
570 3995 655 4076 ignis
674 3999 794 4077 sponte
807 3996 927 4072 exorti,
942 3986 1059 4077 aquila
1077 4007 1121 4054 ac

92 4118 120 4166 ie
129 4117 229 4183 super
242 4116 284 4162 co
299 4095 579 4175 contendentibus,
592 4095 695 4161 multo
709 4095 817 4159 minus
838 4115 862 4160 a
879 4092 980 4179 potita
988 4091 1123 4157 meari
