2692 4974
446 327 498 375 so
523 322 692 379 assumes
716 323 866 372 nra-111.
1123 306 1212 371 llas

111 465 334 552 eoscephalo
357 466 552 550 Gergetbiua
570 464 629 551 (de
643 486 712 550 quo
734 465 957 531 v.Excurs..1
983 468 1027 533 ad
1049 466 1105 529 lib.
1128 483 1208 552 up.

106 568 185 654 271)
198 580 233 635 et
254 570 473 654 Hegesippus
491 570 553 658 angl
571 569 732 647 Παλλήνης,
752 588 774 633 a
798 587 866 651 quo
877 568 1054 651 scriptore,
1075 587 1152 633 cum
1171 570 1208 635 id

108 673 247 739 masilia
265 674 481 755 mucepissel,
503 674 691 737 accuratius
705 673 779 737 haec
805 675 943 735 tractata
965 670 1069 733 fuisse
1088 672 1209 755 proba-

107 774 172 839 bile
186 773 244 856 fit;
266 775 326 838 sed
350 775 437 838 idem
462 776 536 839 urbi
550 795 621 841 suae
635 774 766 839 hero'em
791 774 889 857 quasi
911 774 1078 856 preprium
1091 790 1209 845 copae·

106 896 198 943 crare
224 878 289 942 hac
316 884 420 943 morte
446 878 594 942 voluisse
621 878 770 956 videtur;
792 876 882 959 quod
907 876 1003 940 toties
1027 874 1151 941 lactum
1173 875 1236 965 in,

102 984 214 1045 vetere
227 980 364 1051 historia
375 980 504 1043 notavit
511 980 583 1063 jam
598 979 735 1062 Dionys.
747 977 862 1042 Halic.
873 977 1003 1060 egregio
1017 977 1093 1041 loco
1105 976 1164 1041 lib.
1180 994 1208 1055 l,

102 1082 246 1146 blextr.
268 1079 318 1165 (p.
334 1082 390 1146 43.
415 1082 483 1157 44).
528 1080 661 1146 Patrem
689 1080 868 1157 Anchisen,
891 1080 937 1143 ibi
962 1079 1140 1163 sepultum,
1161 1098 1208 1145 ex
1268 1086 1273 1093 “

100 1181 411 1249 'l'neouememorat
425 1183 540 1266 Steph.
555 1182 639 1266 Byz.
654 1183 689 1247 in
705 1177 809 1243 Αἴνεια.
853 1250 856 1255 ,
1301 1238 1313 1249 ,

147 1282 274 1361 Conon,
298 1286 395 1370 cujus
419 1303 555 1367 operam
578 1283 786 1366 potissimum
804 1284 840 1348 in
859 1283 981 1349 fabulis
1006 1284 1047 1349 de
1060 1282 1203 1368 populo·

99 1404 174 1451 rum
193 1392 228 1453 et
249 1388 380 1452 urbium
404 1387 584 1468 originibus
608 1387 679 1465 (τοῖς
703 1383 831 1469 ἐθνικαῖς)
853 1386 1046 1468 colligendis
1059 1387 1204 1469 positam

99 1486 205 1553 fuisse
218 1496 370 1573 apparet,
394 1488 528 1554 Narrat.
558 1505 666 1566 xuvr,
688 1490 831 1553 AEneam
843 1496 952 1553 narrat
965 1488 1104 1572 trajecto
1119 1486 1205 1552 Hel·

99 1588 255 1674 leopanto
280 1591 420 1674 primum
442 1589 476 1652 in
497 1590 613 1654 Sinum
627 1589 802 1655 Thermum
821 1589 1072 1676 (Thermaicum
1087 1588 1203 1669 Mace·

99 1688 227 1774 deniae)
239 1693 420 1775 pervenire,
442 1692 501 1756 ubi
511 1696 639 1774 patrem
649 1689 818 1757 Anchisen
831 1692 1064 1757 vita'fuuctum
1076 1692 1202 1767 humet,

99 1793 313 1877 oblatumque
327 1794 391 1858 sibi
413 1794 457 1857 ab
471 1793 589 1857 incolis
602 1782 736 1875 regnum
748 1798 896 1873 recusal3
919 1791 1002 1871 blac,
1024 1793 1143 1875 iuquit,
1166 1788 1204 1855 io

99 1904 214 1959 len-um
231 1892 417 1958 Brusiodem
438 1890 594 1977 profectus
619 1897 670 1973 (εἰς
691 1897 740 1971 τὴν
767 1893 930 1979 Βρουσιάδα
950 1898 1019 1978 γῆν)
1032 1895 1190 1961 omnibus

99 1997 218 2079 quibus
229 2003 385 2074 uteretur,
400 2004 472 2061 erat
485 2003 596 2079 gratus
611 2004 645 2062 et
652 1998 825 2081 jucundus
840 2001 918 2061 κατὰ
929 1996 1019 2082 χάριν
1029 1999 1079 2072 τῆς
1092 1997 1203 2082 Ἀφρο-

99 2096 179 2175 llus.
226 2097 397 2183 Mugiente
409 2098 469 2175 ibi,
492 2118 568 2181 quae
583 2118 627 2163 ex
647 2097 712 2163 Ida
731 2099 842 2181 ipsum
865 2100 1077 2181 sequebatur,
1097 2098 1198 2177 bove,

99 2201 210 2267 moniti
224 2220 246 2265 a
260 2199 392 2267 Venere
413 2202 546 2284 accepti
569 2221 694 2265 memor
715 2201 889 2282 imperium
913 2200 958 2263 ab
968 2199 1098 2281 „incolis
1112 2201 1147 2265 iu
1159 2219 1200 2281 se

99 2302 243 2369 bulum
267 2305 421 2388 suscipit,
443 2305 596 2386 haveque
625 2300 748 2366 Veneri
775 2306 925 2365 mactata
945 2300 1061 2365 urbem
1084 2301 1200 2368 condit

99 2405 236 2487 primum
271 2404 407 2470 AEuiam
444 2400 585 2486 (Almus)
613 2401 824 2486 appellatam,
869 2401 1039 2484 posthaec·
1062 2401 1199 2469 AEuum.

99 2500 285 2594 Brasiadcm
300 2506 392 2571 illam
406 2513 523 2571 terram
536 2504 635 2568 facile
650 2503 771 2585 aliqrris
785 2501 978 2573 mutandum
991 2507 1085 2586 putet
1098 2507 1135 2578 εἰς
1148 2509 1198 2585 rja

99 2605 260 2693 Κςουσιίιδα
273 2628 317 2673 ex
333 2607 475 2690 Dionys·
499 2606 617 2691 llalic.
639 2611 673 2669 et
688 2604 864 2669 Herodoto
876 2603 901 2669 l.
917 2622 947 2668 c·
965 2610 972 2624 “
991 2603 1196 2690 Satrapes,

99 2698 180 2795 eulpa
194 2711 368 2782 Malleolus
392 2709 448 2772 ἀπὸ
465 2705 603 2792 Βροόσου,
616 2705 759 2784 Ἢμαθίου
779 2705 885 2782 παιδὸς,
908 2711 946 2797 ut
969 2705 1086 2790 Steph.
1108 2710 1193 2795 Byz.

99 2810 173 2877 bid.
188 2811 296 2877 Galea
310 2794 477 2889 laudatus,
492 2817 527 2876 et
540 2811 625 2876 inter
639 2810 789 2876 Thracas
805 2805 915 2893 Bryrae
930 2809 1021 2892 apud
1037 2809 1124 2879 Plin.
1141 2830 1194 2892 lv,

99 2914 132 2979 ll
146 2934 176 2980 a.
192 2915 248 2980 18.

99 3066 101 3071 -
132 3016 314 3083 Diversam
328 3019 372 3081 ab
393 3018 547 3083 omnibus
570 3016 624 3080 his
648 3015 823 3090 rationem,
843 3030 922 3098 quae
943 3018 1055 3079 tamen
1077 3015 1120 3081 ad
1134 3016 1197 3082 illa

99 3117 181 3199 ipse,
201 3137 281 3201 qum
304 3125 486 3183 memorata
509 3123 597 3193 suut,
620 3114 770 3179 revocari
796 3116 917 3197 polest,
940 3114 1109 3196 ingressu
1122 3125 1195 3184 erat

99 3234 121 3281 s
143 3225 271 3298 auctor,
294 3239 392 3302 quem
415 3220 526 3284 Schol.
550 3218 646 3282 lliad.
671 3223 712 3293 N,
735 3216 801 3281 459
825 3216 1017 3298 exscripsit,
1041 3214 1194 3302 meja'

99 3319 207 3403 nquit,
234 3324 366 3403 ‘capta
380 3322 507 3387 AEneas
532 3326 640 3384 sumto
664 3338 778 3384 secum
799 3325 898 3402 patre
924 3314 1073 3385 Anchise
1095 3319 1192 3404 fugit,

99 3418 329 3505 nbagioque
344 3423 434 3487 circa
447 3420 537 3487 Atho
551 3422 643 3486 sacto
657 3422 694 3484 in
708 3421 863 3487 interiora
877 3427 971 3486 tana
986 3430 1038 3489 est
1063 3424 1193 3506 protea·

99 3520 149 3587 Μ’
167 3523 233 3600 (ita
255 3524 397 3605 accipio,
419 3520 547 3608 ναυαγίῳ
572 3524 600 3586 δὲ
623 3519 776 3607 τιρκισῶν
799 3522 861 3609 npl
876 3525 923 3585 τὸν
940 3520 1029 3601 'Ala
1052 3521 1125 3612 ἀνήη
1140 3528 1193 3592 σὺν

99 3625 214 3709 mpi)‘
233 3622 399 3690 Anchises
414 3626 550 3710 quidem
569 3623 614 3690 ad
638 3625 822 3693 Calaurun
839 3635 985 3693 montem
1006 3627 1108 3711 juxta
1120 3627 1192 3696 Ano

99 3724 384 3793 buamundum
397 3728 537 3792 moritur
549 3734 583 3792 et
597 3727 641 3792 ab
652 3728 760 3791 AEuea
780 3724 920 3812 Pyauae,
944 3730 1002 3795 ubi
1014 3730 1192 3798 etiamnum

99 3822 248 3892 Anchisae
264 3826 390 3892 dictum
404 3829 588 3912 sepulcrum
603 3835 666 3907 eet,
681 3830 850 3908 humatur3
866 3850 934 3914 quo
949 3832 1038 3897 lacto
1052 3833 1188 3911 AEneas,

99 3926 228 3995 Veneris
254 3930 395 4007 monitu,
428 3931 541 3993 urbem
567 3930 726 4008 condidit,
759 3930 956 3995 AEueadem''
977 3932 1118 4009 (Αἰνειάδα
1146 3935 1190 3996 ab

99 4032 208 4110 llmrl5)
231 4037 242 4065 ⁴
259 4032 304 4094 ab
319 4032 395 4115 ipso
409 4031 621 4115 appellatam.
668 4033 803 4098 Mortuo
817 4033 1020 4101 veroAEuea
1033 4040 1133 4099 uehis
1144 4050 1189 4099 ex

99 4152 124 4197 ro
135 4134 227 4200 filius
242 4133 333 4197 clam
354 4133 399 4196 ad
416 4133 585 4216 antiquam
609 4137 715 4217 patris
741 4134 854 4201 sedem
876 4133 1021 4255 acegdit',
1035 4133 1093 4215 (cs.
1107 4150 1185 4220 sup.
