2664 4686
242 333 294 382 no
315 330 488 385 eburnos
510 332 586 387 nur.
609 337 675 386 vri.
920 304 1009 392 troo

92 477 193 543 etiam
214 475 362 543 Ardeam
384 477 552 546 condidit:
574 480 736 564 aquibus
757 478 907 546 'l'urnum
928 484 1009 550 vult·

92 580 236 661 uiginem
258 579 400 646 ducere!
444 579 539 646 Nihil
557 583 599 647 de
620 583 673 647 his
694 583 813 649 diserto
826 583 1009 667 Virgilius:

92 681 128 744 ni
141 701 243 763 genus
258 683 326 745 alia
339 688 409 746 arte
423 683 467 746 ad
490 702 652 748 summam
665 684 872 751 nobilitatem
884 687 1010 767 evexit,

92 781 200 867 ajores
225 782 408 863 assignavit
430 784 550 848 veteris
575 783 685 849 Italiae
710 783 826 849 herotis
852 804 893 850 ao
917 785 1011 854 Deoe

92 882 232 965 eumque
254 883 289 945 in
310 883 362 946 his
382 901 404 947 a
423 885 652 948 communibus
666 885 789 949 sabulis
804 886 1011 970 aliquantum

92 984 293 1067 liepiciemus
319 985 390 1049 baec
416 985 517 1068 poulo
547 986 719 1050 curiosius.
763 981 843 1049 Alia
866 987 1012 1053 narratio

92 1106 104 1148 ’.
118 1087 161 1150 ad
178 1100 261 1162 vrri,
274 1086 341 1150 345
355 1087 515 1151 occurrit:
541 1087 621 1150 ‘alii
641 1085 777 1151 Donabo
790 1106 866 1152 eum
879 1087 1012 1155 duobus

92 1208 101 1252 r
126 1192 160 1252 et
186 1187 321 1269 Argen.
335 1206 420 1271 quos
449 1187 490 1251 de
518 1189 646 1254 Pbineo
672 1189 797 1269 babuit,
823 1191 954 1256 venisse
976 1191 1013 1255 ln

92 1294 113 1353 rt
137 1290 261 1365 locum,
284 1288 343 1352 ubi
370 1307 456 1352 nune
487 1288 598 1353 Roma
624 1297 685 1368 est,
715 1291 872 1369 tenuisse,
899 1291 1014 1376 ibique

92 1390 282 1472 ‚boriginum
315 1387 443 1454 insidiis
482 1391 684 1457 intersectum
721 1391 807 1457 loco'
833 1390 1014 1478 (Argileto)

92 1492 224 1557 edisse!

92 1594 203 1659 uidem
217 1601 343 1677 patrem
356 1595 460 1660 edidit
472 1591 635 1674 Daunum,
644 1597 776 1660 nomine
786 1597 913 1680 antiqui
923 1597 1014 1663 illiue

104 1717 173 1781 quo
186 1696 287 1761 modo
302 1702 516 1760 memoratum
530 1702 593 1775 est,
609 1708 710 1782 a'quo
724 1703 833 1762 tamen
847 1696 1014 1765 divorum

92 1818 154 1863 rere
182 1817 318 1862 necesse
346 1803 407 1862 est.
459 1795 514 1862 Ab
537 1799 601 1864 boc
630 1799 843 1882 designantur
876 1798 1013 1865 Rutuli:

92 1898 210 1983 gens‚'‘
228 1899 363 1962 Daunia
383 1898 529 1981 plebes?
550 1900 681 1984 agitque
704 1901 746 1967 de
769 1921 810 1967 eo
832 1900 936 1986 podta
949 1902 1011 1980 eie,

119 2020 161 2065 ea
186 2001 262 2064 loca
289 2007 364 2064 ante
391 2001 540 2064 Turnum
569 2003 741 2080 tenuisset,
772 2020 875 2066 senex
904 2008 1016 2066 tamen

92 2124 99 2164 ι
121 2101 268 2165 viveret:
290 2100 350 2164 lib.
368 2116 408 2179 Χ,
423 2102 500 2165 615.
521 2101 588 2166 616
611 2103 715 2184 ‘quin
738 2109 772 2166 et
794 2121 914 2185 pugnae
937 2101 1017 2165 oub-

92 2220 200 2267 rmum
221 2201 265 2267 Et
284 2201 407 2267 Dauno
427 2200 562 2284 possem
583 2201 780 2265 ineolumem
802 2208 935 2265 terrare
953 2219 1017 2286 pa·

92 2303 148 2370 ³88
161 2307 172 2337 ‘
185 2304 228 2367 Et
240 2304 348 2387 patris
362 2304 530 2383 antiquam
545 2300 658 2364 Dauni
674 2301 816 2366 defertur
825 2297 871 2366 ed
880 2298 1017 2380 orbern}

92 2426 126 2472 n.
151 2406 226 2469 Lib.
243 2421 313 2481 xri,
334 2404 379 2469 22
409 2402 520 2466 ‘Sunt
543 2402 603 2466 tibi
626 2420 730 2482 regna
755 2402 861 2484 patris
888 2400 1015 2480 nami,

92 2509 127 2571 la
141 2513 242 2591 capta
253 2505 364 2573 Multa
377 2523 477 2568 manu
487 2502 506 2584 ;'
527 2522 561 2568 v.
576 2503 630 2567 43.
645 2505 690 2567 44
712 2504 1018 2587 ‘miserereparen-

92 2611 147 2687 rvi,
167 2627 267 2690 quem
288 2625 375 2671 nuno
397 2608 553 2669 moestum
572 2603 683 2687 patria
704 2600 818 2667 Ardea
835 2598 933 2685 longe
955 2602 1018 2667 Di·

96 2709 248 2786 xinde-t
270 2709 342 2791 ipse
361 2707 493 2777 Turnus
514 2703 558 2769 ad
580 2705 745 2768 AEneam:
769 2702 1019 2773 ‘Daunirniee-

92 2809 162 2876 rtoel

92 2930 188 2994 porro
217 2909 322 2973 Turni
348 2903 470 2969 Venilia
494 2912 570 2971 est:
600 2908 658 2970 lib.
682 2922 722 2983 X,
743 2908 787 2971 76
817 2906 898 2970 ‘eui
928 2905 1020 2971 Diva

92 3008 204 3089 rater3’
226 3009 350 3072 illustre
373 3025 491 3069 nomen
515 3024 539 3068 a
563 3006 696 3069 Venilia
723 3005 795 3069 Dea
814 3005 960 3085 ductum,
975 3006 1020 3070 de

92 3110 168 3180 Exc.
181 3126 203 3170 v
221 3110 356 3190 egimus.
382 3106 449 3168 Sed
464 3104 567 3168 Turni
580 3112 682 3169 mater
691 3124 783 3168 soror
793 3111 863 3169 erat
872 3102 1020 3184 Anam,

92 3218 194 3295 rptae:
224 3210 309 3274 unde
330 3209 390 3272 lib.
407 3225 474 3283 vn,
489 3207 555 3272 366
576 3209 608 3270 ei
630 3207 916 3288 ‘consanguineus
935 3205 1022 3273 Tur·

92 3312 191 3391 [1,29
214 3316 224 3344 ‘
240 3314 400 3391 cognatus
422 3308 583 3389 sanguis,'
598 3327 664 3392 qua
686 3309 882 3390 cognatione
895 3308 1030 3377 um.

92 3433 135 3479 ‚ur
146 3414 297 3489 Latinus,
307 3417 345 3475 ut
359 3410 534 3475 Lauiniam
545 3411 658 3474 Turno
670 3408 896 3492 desponderet.
918 3406 1024 3496 Apud

112 3515 155 3579 Ο.
179 3515 224 3579 G.
247 3514 291 3577 R.
315 3533 345 3576 o.
361 3513 404 3576 13
439 3511 548 3576 ‘Piso
570 3512 703 3595 quidem
726 3511 874 3576 Turnum
898 3518 1024 3577 matru-

92 3623 161 3682 atae
200 3617 305 3679 fuisse
333 3614 454 3679 tradit?
513 3615 620 3679 Paulo
654 3621 728 3678 ante
761 3614 1023 3680 ‘consobrinum

92 3718 219 3783 lixerat.
266 3718 384 3800 Itaque
406 3722 440 3783 et
460 3717 534 3782 haec
555 3717 655 3799 poeta
667 3735 735 3779 non
749 3716 884 3794 invenit,
908 3714 966 3780 sed
988 3716 1024 3779 in

92 3820 292 3884 rtranstulit.

95 3922 179 3986 inter
207 3920 312 3983 Turni
339 3921 563 4003 progenitores
592 3916 785 3982 Pilumnus:
818 3916 899 3980 ibid.
948 3911 1024 3976 ‘Cui

92 4043 96 4082 ι
117 4020 222 4086 avus?
267 4021 344 4084 Non
366 4022 526 4084 subtiliter
551 4041 625 4084 cum
647 4020 748 4104 poeta
771 4016 944 4100 agendum,
967 4013 1025 4098 qui

92 4123 234 4188 umodo
256 4143 366 4201 aium,
387 4122 487 4187 modo
509 4128 674 4205 parentem
696 4113 1029 4206 (lib.1x,4),etlann·

92 4245 110 4292 rt
125 4241 182 4292 Ver.
195 4242 260 4290 Cloe.
453 4240 523 4302 Vtrg.
887 4237 918 4286 12
934 4232 961 4284 R
