2664 4686
96 287 101 296 ·
176 271 263 336 ano
592 278 789 331 excussus
813 280 864 328 rr.

175 437 295 504 mmm,
318 444 437 509 magrra
457 425 519 492 luit
541 424 662 490 Romae
683 426 748 489 hac
763 431 871 491 'aetate
893 418 1117 488 existimatio:
1142 414 1279 487 aflo-

176 529 437 612 interpretandos
464 549 538 592 esse
565 548 683 593 censeo
712 537 852 590 curatores
878 521 1090 610 Euphorionis
1118 514 1274 605 apffcicr

175 633 281 703 'lusa
308 648 365 706 ιιι,
389 631 443 707 19,
477 651 542 695 non
568 637 727 713 tanquam
753 630 863 693 mollis
889 626 1030 709 alicujus
1052 623 1166 708 poete
1191 642 1276 688 ama·

176 739 282 799 tores:
306 751 382 815 quae
399 733 623 815 interpretatio
638 730 849 794 fundamento
864 728 983 792 idoneo
997 730 1098 801 caret,
1117 742 1197 786 cum
1210 723 1277 807 eJm

177 834 324 901 carmina
344 833 507 896 amatoria
529 831 621 895 nulla
644 850 787 913 usquam
810 830 1117 893 commemorentur.
1163 821 1279 886 Atou-

146 973 151 981 ·
176 934 330 998 ecaritate
351 952 437 1009 eum,
469 939 503 996 et
524 931 658 1015 quidem
679 951 723 994 ex
745 930 903 994 doctrinae
933 927 1044 1010 copia,
1072 943 1142 989 nou
1174 924 1279 987 mium

177 1053 277 1117 quam
303 1030 544 1096 Callimachum
570 1034 596 1095 lv
622 1031 726 1105 Αἰτίοις
751 1037 785 1095 ct
809 1029 1073 1114 Lycophronem,
1098 1027 1278 1097 laborasse,

178 1134 233 1199 rel
263 1153 308 1198 ex
333 1131 406 1198 Cic.
430 1133 472 1195 de
497 1132 577 1197 Div.
603 1151 646 1210 11,
668 1134 723 1209 64,
749 1137 783 1196 et
817 1129 921 1194 Clem.
946 1127 1068 1192 Strom.
1096 1142 1131 1204 v,
1158 1143 1196 1208 p.
1218 1121 1281 1188 676

178 1239 294 1299 uotum
307 1239 370 1312 est,
391 1234 455 1299 etsi
470 1235 513 1299 ob
527 1235 612 1298 hauc
628 1232 766 1298 eandem
779 1231 1014 1296 obscuritatem
1031 1227 1235 1312 probaverat
1247 1240 1280 1285 se

181 1329 316 1399 'liberio
331 1334 472 1400 Caesari.
500 1332 581 1400 vid.
596 1334 689 1398 Suet.
704 1353 781 1417 cap.
795 1333 851 1396 70.

577 1617 873 1636 Μ

373 1855 383 1871 ’
479 1866 858 1990 Excuasus
900 1865 982 1938 rv.

624 2056 676 2106 DE
691 2054 834 2106 scrut.

223 2184 294 2251 llcl.
311 2201 361 2264 vt,
375 2185 420 2251 74
443 2182 610 2267 ‘Scyllam
633 2182 722 2260 Nisi,
745 2203 844 2267 quam
859 2183 950 2248 fama
971 2188 1087 2247 secuta
1110 2187 1174 2260 cst,
1200 2180 1281 2247 Gau·

177 2286 256 2352 dida
285 2286 492 2353 succinctam
524 2284 721 2350 latrantibus
749 2286 883 2368 inguina
917 2285 1072 2348 monstris
1108 2283 1282 2350 Dulichias

179 2402 320 2454 vexasse
334 2394 432 2464 rates,
447 2393 481 2451 et
493 2387 617 2470 gurgite
630 2388 665 2452 iu
685 2388 752 2450 alto
775 2387 845 2450 An!
868 2384 1001 2449 timidos
1014 2390 1133 2449 nautas
1147 2387 1282 2450 canibus

179 2488 345 2553 lacerasse
359 2485 516 2551 marinis?
560 2488 638 2550 AEn.
655 2504 714 2563 ιιι,
729 2487 793 2550 424
816 2485 885 2549 ‘At
909 2484 1055 2568 Scyllum
1075 2485 1182 2550 caecis
1197 2476 1286 2551 colri-

180 2589 236 2654 bet
249 2586 410 2671 spelunca
422 2586 570 2662 latebris,
586 2585 656 2650 Ora
669 2591 876 2651 exertautem
897 2592 932 2649 et
953 2603 1058 2648 naves
1072 2585 1106 2648 iu
1119 2604 1209 2651 saxa
1224 2593 1284 2650 tra·

180 2688 317 2751 hostem.
368 2685 482 2749 Prima
508 2687 649 2750 hominis
676 2686 793 2763 facies,
815 2693 849 2750 et
871 2685 1008 2770 pulchro
1028 2691 1162 2770 pectore
1191 2687 1282 2769 virgo

184 2783 275 2852 Pube
289 2792 399 2867 tenus3
421 2792 586 2870 postrema
610 2785 745 2852 immani
770 2806 907 2872 corpore
927 2789 1059 2872 pistrix,
1080 2786 1283 2871 Delphinum

181 2887 412 2954 caudasutero
428 2891 804 2975 commissaluporum3’
826 2898 859 2954 et
879 2891 945 2956 432
967 2889 1138 2975 ‘Scyllam
1160 2896 1197 2958 et
1218 2909 1282 2955 cce

181 2989 281 3055 rulals
295 2990 433 3055 canibus
447 2991 635 3055 resonantia
647 3013 734 3057 saxa
743 2992 763 3071 ς’
786 2993 862 3056 add.
877 2991 963 3056 ciris
977 2992 1021 3057 58
1030 3010 1107 3075 sqq.
1121 2991 1167 3057 79
1183 3013 1236 3077 sq.

225 3090 367 3156 Mttlmm
389 3094 505 3155 ausum
528 3092 571 3156 ab
594 3088 637 3157 co
651 3093 806 3170 coasilio,
820 3097 857 3156 ut
871 3092 1019 3155 subulam
1032 3092 1076 3157 de
1089 3092 1208 3178 Scylla
1228 3113 1284 3157 seu

180 3192 292 3273 politas
315 3191 445 3256 tabulas
467 3212 646 3275 recoquere
659 3195 773 3272 relim3
795 3211 873 3255 uam
888 3212 1026 3274 mugnus
1043 3208 1158 3256 earum
1171 3213 1284 3258 nume

181 3308 237 3356 ms
262 3290 338 3355 tuit:
362 3291 438 3356 vide
459 3292 513 3355 rel
537 3292 655 3356 Athen.
675 3311 741 3368 ru,
759 3314 794 3376 p.
817 3294 894 3356 297.
910 3299 944 3356 et
967 3291 1060 3355 Cirin
1078 3294 1124 3356 55
1136 3314 1213 3379 sqq.
1227 3313 1284 3359 nec

181 3394 313 3461 omuino
336 3392 378 3457 (lc
402 3393 524 3478 Scyllae
548 3393 652 3458 forma
666 3395 793 3471 laboro,
818 3414 929 3458 rerum
950 3394 993 3458 de
1006 3413 1049 3457 eo
1063 3399 1204 3474 autum,
1220 3416 1287 3480 qua

181 3492 296 3575 speeie
320 3491 418 3557 Maro
442 3493 564 3578 Scylla
580 3497 726 3579 speeiem
741 3495 832 3579 apud
856 3496 1002 3558 animum
1023 3514 1121 3558 suum
1143 3495 1287 3564 finxerit.

185 3588 299 3657 Vlderl
313 3595 401 3657 oraim
408 3602 525 3679 potest
539 3615 561 3658 a
574 3615 611 3659 se
625 3597 701 3679 ipsc
715 3595 886 3671 dimittere,
902 3614 979 3659 cum
992 3594 1093 3659 altero
1106 3595 1184 3661 loco
1199 3619 1289 3660 coner

183 3694 331 3769 morines,
346 3694 448 3760 altem
463 3692 550 3779 lepos
565 3696 702 3759 marinos
723 3717 801 3762 cum
823 3693 1021 3779 delphr‘rrr'bm
1039 3706 1290 3778 commemoret,

182 3797 240 3881 qiu
256 3796 422 3878 ‹litararodo
431 3817 474 3860 ox
489 3799 563 3881 ejus
578 3799 655 3862 alvo
670 3799 850 3881 prodierint
863 3817 932 3861 una
944 3816 1070 3874 amuco,
1083 3797 1175 3861 lraud
1188 3798 1292 3864 facile

183 3896 274 3962 elicta
286 3916 360 3961 ease
373 3895 509 3962 viuum.

231 3998 327 4080 apuu
354 3996 548 4067 lluraeruur.
563 4020 584 4063 a
597 4019 666 4084 quo
680 4002 822 4084 primum
836 4000 960 4085 Scyllae
974 4000 1121 4085 speciem
1135 4000 1292 4067 declara·

186 4108 251 4159 trau
266 4098 436 4173 tremulus,
451 4099 594 4181 aymam
611 4103 744 4166 omuino
757 4104 996 4186 simpliciorum
1006 4109 1042 4167 et
1054 4101 1104 4166 rei
1116 4100 1296 4168 declaran-
