2664 4686
437 328 490 377 su
512 316 685 377 susibus
708 325 872 377 nra-vu.
1117 311 1206 379 tw

95 470 216 557 suque
227 468 494 555 navigationibus
508 470 551 535 ad
565 469 706 537 Graecos
719 474 922 554 pervenerat
936 471 1021 535 sorte
1041 470 1072 535 is
1087 469 1162 555 jam
1183 493 1206 539 a

98 570 232 641 &dno
245 573 358 637 illatura
371 576 404 637 et
419 570 622 636 Palaemonis
632 572 765 636 nomine
777 573 962 655 insignitus.
1005 569 1208 639 Ascivenmt

97 692 235 761 quoque
248 673 377 757 passim
399 673 575 755 religiones
598 679 632 739 et
656 674 789 738 nomina
812 672 961 738 Deorum
985 693 1106 757 graeca,
1129 693 1207 758 quoe

97 775 316 843 obliteranmt
329 776 485 859 antiqua3
515 776 562 838 ita
574 772 739 839 Venerem
752 781 947 857 receperunt
964 779 997 838 et
1011 773 1207 843 Dioscuros.

97 874 174 945 Ros
187 877 319 941 tandem
334 896 374 940 eo
389 877 545 953 adducta,
558 886 593 937 ut
614 874 739 959 pessimi
753 874 949 960 fabularum
962 896 1088 938 suorum
1108 874 1209 939 inten-

95 986 199 1065 pretes
213 988 307 1041 esunt
324 975 474 1041 Romani.
528 977 603 1043 Nec
626 980 806 1061 quicquam
829 978 893 1043 fuit
915 977 1013 1043 Iulis
1035 977 1121 1042 adeo
1146 978 1208 1043 do·

95 1080 276 1145 nesticum
288 1099 330 1143 ac
344 1081 526 1163 proprium,
541 1081 622 1164 quin
644 1100 666 1146 a
689 1080 821 1146 Graecis
842 1086 1035 1163 repeterent.
1088 1077 1208 1163 Ipsum

96 1178 227 1245 smum
254 1200 299 1244 ex
326 1181 522 1247 Perrhaebia
549 1181 736 1247 Thessaliae
766 1182 823 1264 qui
851 1180 1072 1259 adducerent,
1099 1180 1207 1255 fuisse

95 1280 199 1347 video
222 1280 313 1363 apud
336 1280 549 1345 Plutarchum
565 1280 633 1359 Qu.
650 1280 751 1346 Rom.
773 1303 808 1365 p.
823 1282 889 1347 269
904 1299 941 1360 a,
967 1283 1062 1361 alios,
1081 1283 1139 1367 qni
1160 1301 1207 1348 ex

97 1378 241 1458 creua,
270 1380 443 1446 Erechthei
472 1382 678 1448 Athenarum
711 1386 798 1467 regis
832 1384 914 1461 filia,
950 1388 1076 1461 natum,
1113 1383 1207 1468 apud

96 1478 231 1547 Victor.
258 1480 301 1545 0.
324 1480 368 1548 G.
396 1482 441 1545 Il.
463 1483 499 1549 2.
552 1482 671 1561 Quidi
703 1486 793 1568 quod
819 1484 1012 1550 leunculum
1040 1485 1083 1547 nh
1109 1482 1205 1564 Ione,

96 1578 237 1649 cause
250 1581 390 1661 filio,'ex
405 1582 576 1665 Euripidis
599 1585 817 1663 solimanum,
838 1586 930 1650 sucre
953 1587 1011 1670 qui
1034 1585 1206 1650 conditum

96 1682 265 1751 mouent
278 1702 334 1767 ap.
344 1681 459 1748 Aurei.
474 1684 565 1750 Vict.
582 1684 623 1747 Ο.
639 1684 684 1751 G.
700 1685 744 1750 R.
759 1688 792 1751 2.
837 1685 941 1765 Maia,
953 1706 1042 1770 quau,
1053 1691 1090 1751 ut
1102 1704 1207 1771 supro

95 1782 255 1860 vidimus,
276 1790 379 1849 mator
392 1785 495 1849 Terra
509 1792 591 1862 erat,
614 1785 658 1850 ad
679 1785 807 1852 Maiam
834 1787 990 1853 Mercurii
1004 1794 1143 1855 manem
1153 1805 1205 1853 re·

95 1892 295 1951 woetaest.
348 1886 520 1963 Nationes,
546 1886 660 1952 Virtus
682 1889 736 1955 rel
757 1888 931 1957 Fortitudo
952 1892 1036 1955 inter
1049 1888 1205 1968 Sabinos,

93 1986 132 2053 ἰι
145 1984 327 2051 Nereidem
346 1993 399 2051 cst
412 1986 603 2073 depravata.
647 1987 736 2055 Geli.
759 1991 848 2055 conf.
875 2007 965 2069 xm,
989 1992 1044 2057 22.
1087 1990 1205 2055 Corru-

94 2106 175 2173 με
187 2108 321 2171 quoque
335 2108 431 2154 sacra
441 2108 505 2153 sua
515 2089 660 2155 Romani
674 2090 832 2155 admixtis
847 2093 964 2156 alienis
978 2090 1205 2174 opinionibus,

95 2194 135 2255 ut
148 2188 383 2273 lupercalium
397 2192 479 2255 ritus
491 2194 632 2274 arreptis
645 2192 768 2257 sabulis
782 2193 823 2256 de
837 2192 929 2256 Pane
944 2192 1152 2257 Graecorum.

103 2316 109 2327 ·
139 2288 305 2366 Turdam,
315 2300 428 2373 qrrurto
442 2292 530 2366 loco,
539 2293 660 2372 ineptis
673 2300 707 2357 ct
720 2295 833 2370 pravis
843 2291 1053 2372 etymologiis
1062 2290 1205 2355 turbatas

95 2390 338 2457 ministeria
353 2391 498 2474 antiquae
514 2391 623 2456 luha
636 2392 713 2475 plus
727 2410 829 2474 quam
843 2390 934 2454 credi
948 2396 1068 2474 potest.
1124 2390 1206 2457 Hoo

96 2490 234 2577 quidem
261 2492 404 2557 studium
425 2498 552 2559 vetares
576 2512 630 2558 res
654 2513 695 2557 ac
715 2493 797 2557 ritus
820 2512 865 2558 ex
886 2492 1054 2557 nominum
1079 2492 1204 2573 origine

95 2592 345 2677 hiterpretandi,
374 2596 550 2679 ipsamque
571 2595 656 2660 adeo
686 2597 860 2660 verborum
886 2593 1043 2676 originem
1067 2593 1206 2657 investi·

96 2694 208 2779 gandi,
238 2696 313 2779 jam
335 2697 419 2761 inter
449 2695 589 2762 Graecos
613 2716 732 2780 parum
754 2695 796 2760 ad
821 2695 980 2761 sermonis
1005 2692 1151 2757 indolem
1172 2700 1206 2759 et

95 2795 348 2877 gmmmaticam
361 2797 519 2862 rationem
533 2797 596 2861 fuit
607 2803 792 2873 hastatum,
807 2798 891 2862 inter
904 2795 1079 2861 Romanos
1092 2800 1205 2859 autem

95 2892 185 2961 intro
197 2914 307 2959 meros
319 2916 474 2961 sonorum
495 2899 589 2961 lusus
603 2898 768 2975 substitit3
802 2896 894 2979 quod
916 2916 935 2959 e
958 2892 1122 2972 Varrone,
1138 2893 1206 2959 Ca·

96 3002 185 3076 m,
201 2995 362 3061 Cicerone
386 3005 420 3059 et
442 2999 518 3059 aliis
536 2998 663 3057 infinita
678 2998 905 3076 exemplorum
919 2997 1020 3075 copia
1034 2994 1144 3070 docet,
1167 2999 1206 3060 ut

97 3092 404 3163 Grammaticorum
417 3098 586 3163 volumina
598 3100 737 3159 taccam.
796 3094 923 3158 Eadem
937 3113 990 3156 ros
1004 3095 1087 3175 ipsis
1100 3093 1205 3158 histo·

95 3200 156 3265 tlis
178 3194 215 3264 ct
236 3198 362 3263 subulis
384 3218 485 3264 noxae
500 3198 573 3274 thit,
590 3197 667 3260 dum
695 3214 752 3259 eas
775 3215 819 3260 ex
842 3193 1010 3258 nominum
1024 3193 1206 3275 originibus

96 3300 302 3385 interpretati
329 3302 431 3366 variis
459 3300 568 3363 modis
601 3297 836 3380 interpolanmt
862 3300 988 3360 veteres
1014 3294 1205 3377 scriptores,

97 3400 146 3469 ut
159 3400 310 3467 Umbros
324 3405 421 3485 quusi
435 3402 592 3466 Ombrios
613 3400 733 3478 dictos,
748 3399 901 3463 Thuscos
924 3414 945 3460 a
967 3395 1118 3461 sacrifico
1139 3397 1206 3463 ritu

97 3504 220 3580 dictos,
243 3511 278 3569 ct
301 3504 424 3568 similia
446 3506 613 3570 omittam:
650 3503 692 3566 de
714 3501 952 3583 Aboriginibus
977 3518 1077 3583 quam
1101 3500 1207 3567 multa

96 3604 147 3669 illi
172 3606 352 3668 commenti
378 3612 454 3670 sunt
474 3625 518 3669 ex
541 3607 637 3670 vocis
662 3604 766 3669 sono!
803 3602 935 3667 latium
949 3601 1115 3666 alatcndo
1129 3622 1207 3667 cum

96 3704 384 3787 unxissentque
406 3725 471 3770 non
496 3708 724 3787 excogitarunt
746 3706 782 3769 in
806 3724 880 3768 aum
894 3705 982 3768 rem!
1013 3702 1105 3767 Hinc
1126 3705 1206 3786 suga

96 3804 282 3871 Subrmiin
297 3806 430 3871 ltaliam
453 3814 487 3872 ct
504 3809 652 3873 latebroe.
705 3806 804 3871 Anna
830 3806 981 3871 Perenna
1002 3807 1037 3869 in
1059 3804 1204 3871 Didonis

96 3924 247 3973 sororem
271 3914 400 3971 mutata
423 3915 456 3974 et
477 3908 638 3994 Nympha
663 3908 813 3972 Numicii
837 3907 894 3972 illa
914 3907 1014 3984 sucta,
1037 3926 1114 3971 oum
1129 3904 1205 3968 Dea

97 4012 191 4073 esset
203 4027 249 4071 ex
269 4009 452 4089 indigetum
464 4029 608 4089 numero,
623 4016 657 4074 ct
668 4009 759 4074 haud
779 4008 879 4073 dubio
899 4011 974 4073 anni
986 4008 1082 4073 initia
1094 4005 1205 4071 fausta

98 4106 306 4191 desipiam:
340 4109 427 4175 cons.
451 4108 604 4182 Macrob.
623 4129 633 4175 1
650 4111 723 4176 Sat.
738 4111 782 4176 12
794 4109 1012 4176 ianuario*
1026 4115 1061 4174 ct
1071 4107 1204 4190 publice

165 4226 439 4291 mutave-,cua
621 4229 691 4295 vag.
1065 4224 1140 4279 mo
