2664 4686
426 313 478 363 aa
500 311 674 364 susrnos
721 314 793 363 ars.
818 315 858 362 u.
1111 301 1199 369 tuas

94 460 225 529 scilicet
237 456 416 527 secundnm
433 461 652 544 antiquiores,
667 480 753 545 ques
775 462 1009 546 exscripserat.
1053 462 1111 530 Ad
1123 484 1197 533 ema

94 562 194 629 ioan.
231 562 369 627 Maielae
399 544 531 646 qn'dque
561 564 672 628 locum
700 562 806 627 resero
845 562 1024 647 Chronogr.
1058 584 1094 650 p.
1124 570 1200 639 ltll.

94 666 218 733 rmica
240 663 384 729 Abantis
406 664 495 749 apud
518 663 671 729 Servium
694 663 738 729 ad
761 664 839 729 AEa.
857 680 913 741 rx,
936 665 1004 730 264
1018 679 1201 739 memorata

94 766 205 835 uteo.
250 766 305 831 Ex
327 768 382 832 bis
407 786 448 831 ac
468 767 646 844 similibus,
661 767 720 850 qni
744 771 882 843 veteres,
897 786 984 849 quas
1011 772 1199 853 sanabant,

94 870 248 937 historias
270 868 371 934 simul
395 870 701 953 interpretabantur,
724 868 866 933 fluxisse
884 869 1030 935 ridentur
1054 872 1201 949 absruda

94 976 293 1048 commenta,
308 971 430 1053 quibus
443 972 670 1035 contaminata
684 976 736 1034 est
748 969 885 1052 Trojani
898 970 1025 1036 excidii
1045 972 1200 1042 Historia

94 1072 127 1139 ln
149 1068 289 1148 Mulela,
310 1068 472 1148 Cedrene,
486 1070 569 1135 sorte
594 1076 627 1135 et
650 1071 726 1135 aliis
754 1069 930 1149 Graecnlis,
955 1074 1013 1156 qni
1036 1093 1081 1139 ex
1102 1076 1200 1143 teles-

93 1174 218 1239 matica
231 1171 317 1237 adeo
330 1177 365 1236 et
378 1174 560 1255 astrologia
583 1174 689 1237 multa
711 1173 860 1237 intexere
881 1174 956 1238 arui
977 1181 1099 1242 anniv.
1114 1197 1144 1243 c.
1158 1177 1201 1242 de

94 1272 249 1339 Palladio
277 1278 352 1351 ete,
381 1272 450 1338 alia
477 1282 587 1340 autem
613 1275 792 1356 allegorice
821 1294 998 1359 exponere,
1028 1282 1065 1340 ut
1091 1276 1200 1363 ipsius

93 1374 227 1442 meua
243 1376 409 1459 allegoriae
425 1375 617 1441 Homerieae
632 1379 667 1440 in
679 1375 891 1441 bibliothecis
905 1383 1096 1460 servantum
1118 1400 1199 1465 qua·

93 1494 165 1543 nnn
179 1476 303 1541 similla
330 1477 434 1541 multa
446 1478 481 1541 in
496 1475 707 1541 Chiliadibus
726 1478 893 1560 apposuit.
938 1477 1019 1542 Non
1040 1498 1081 1544 eo
1094 1500 1200 1565 nsque

93 1576 246 1645 andaciae
271 1578 349 1641 sunt
375 1576 558 1660 progressi,
574 1576 635 1642 sed
662 1578 749 1641 intra
764 1577 895 1660 Dictyis
918 1578 985 1643 iere
1012 1587 1046 1645 et
1067 1581 1201 1647 Daretis

93 1684 282 1761 commenta
304 1678 519 1744 substiterunt
546 1680 727 1762 scriptores
751 1678 923 1747 deterioris
947 1682 1013 1745 aevi
1036 1680 1143 1763 latini,
1164 1692 1199 1748 nt

93 1776 290 1855 Eiinnndns,
312 1778 426 1861 etqui
449 1797 526 1843 enm
541 1780 718 1862 excerpsit,
733 1778 890 1843 Vincunt.
912 1779 1043 1846 Bellor.
1066 1782 1201 1867 Specul.

93 1880 370 1955 ninimirum,
389 1880 449 1957 112,
472 1882 552 1944 item
590 1880 706 1946 Guido
732 1879 773 1943 de
800 1878 963 1949 Columna
981 1884 1016 1947 in
1045 1883 1201 1949 Historia

92 1982 240 2066 Maria
251 1981 342 2045 circa
355 1980 441 2045 1287
465 1983 593 2065 scripta
615 1987 649 2045 et
674 1981 762 2046 1477
775 1981 883 2061 edita3
897 2004 982 2067 ,quoe
997 1986 1028 2049 si
1042 1986 1121 2069 qnis
1135 2006 1200 2051 non

92 2082 290 2159 meminerit,
303 2081 392 2146 unde
406 2082 507 2146 dueta
521 2083 598 2160 sint,
613 2102 680 2147 nen
693 2102 810 2166 parum
822 2084 958 2163 hoereat,
967 2087 997 2149 si
1006 2090 1057 2152 tot
1068 2088 1199 2152 inaudi-

92 2190 146 2249 fls
160 2202 215 2249 res
228 2202 251 2247 a
263 2185 479 2268 scriptoribus
493 2186 699 2267 superiorum
711 2185 910 2248 saeculorum
925 2189 1047 2249 narrari
1061 2187 1184 2253 videat.

139 2280 299 2347 Romarm
320 2283 441 2369 peiles,
462 2285 712 2367 antiquissimos
736 2283 882 2366 quidem,
907 2284 990 2349 nibil
1014 2288 1104 2352 alind
1131 2290 1198 2355 t'erc

92 2386 217 2471 egisse,
239 2402 338 2468 qnam
360 2390 399 2448 ut
420 2382 544 2449 Groeca
566 2382 667 2446 latins
689 2388 924 2462 converterent,
945 2387 991 2450 ab
1013 2387 1066 2452 bis
1091 2398 1198 2455 autern

93 2492 198 2555 etate
236 2487 416 2569 proximos,
457 2490 492 2549 et
526 2485 660 2547 omnine
689 2482 1000 2566 praestantissimum
1036 2508 1200 2575 quemque

93 2586 244 2672 politam,
265 2585 392 2650 Groeca
404 2586 505 2649 latine
519 2584 738 2667 expressisse,
762 2583 905 2651 Graeciae
917 2587 1016 2652 flores
1031 2592 1065 2654 in
1077 2593 1199 2655 virida-

94 2690 145 2755 ria
175 2680 331 2752 Romana
352 2686 557 2749 trastulisse
580 2686 767 2749 eromuino
790 2706 834 2750 ex
859 2686 990 2754 Graccis
1018 2691 1200 2774 profecisse

95 2791 203 2867 mice,
219 2788 264 2854 ad
273 2806 451 2871 eorumque
460 2787 650 2870 exemplum
665 2786 832 2870 poeticum
844 2790 988 2872 aliquem
1003 2808 1198 2869 sermonem,

95 2891 153 2977 qni
181 2908 207 2955 a
234 2889 379 2974 pedestri
401 2890 552 2954 oratione
579 2890 676 2973 plane
699 2889 877 2972 discrepat,
909 2893 1141 2972 conformasse,
1165 2899 1198 2959 iu

94 2990 252 3059 emtesso
276 2996 339 3055 est.
384 2990 521 3068 Furnius,
544 2992 603 3075 qni
632 2991 749 3055 Iliadis
778 2993 868 3055 rivos
892 2994 925 3055 in
950 2992 1097 3061 Annales
1120 3017 1200 3061 suus

95 3094 302 3170 traduxerat,
337 3092 537 3175 Trsgoedias
562 3093 673 3176 plures
700 3092 800 3155 latine
827 3099 1050 3158 converterat:
1087 3105 1121 3161 et
1150 3100 1200 3161 sie

94 3194 235 3279 Tragici
246 3212 289 3258 ac
303 3193 432 3259 Comici
446 3196 573 3257 veteres
589 3192 656 3256 iere
684 3211 799 3256 omnes
812 3192 999 3257 iaciendum
1021 3196 1088 3259 sibi
1105 3204 1200 3279 putu·

96 3302 225 3363 ruant.
269 3294 338 3360 Sed
350 3295 393 3360 de
406 3294 470 3359 boc
493 3314 581 3360 nunc
605 3315 670 3359 non
695 3295 820 3375 agilum
843 3314 955 3359 verum
971 3294 1112 3362 Iliadem
1127 3299 1201 3362 liu-

96 3398 177 3463 meri
200 3396 414 3461 transtulerat
436 3394 499 3460 Cn.
536 3394 689 3471 Mattius,
722 3405 756 3460 et
780 3395 906 3479 Cypria
937 3398 1085 3461 carmina
1117 3400 1199 3465 inira

98 3498 285 3565 ridebimus
300 3516 322 3560 a
342 3497 467 3563 Nserio
491 3498 592 3563 latine
615 3498 715 3572 iacta,
738 3504 783 3575 et,
807 3496 836 3559 si
860 3497 918 3561 alii
933 3499 1017 3562 inter
1030 3498 1200 3565 Romamn

98 3604 331 3676 memorantur,
353 3598 413 3682 qui
433 3603 660 3680 argumentum
682 3598 760 3660 belli
784 3598 924 3681 Trojani
947 3605 1141 3679 tractarunt,
1164 3612 1201 3667 ut

103 3696 216 3765 linem
230 3698 499 3779 Antebomerica,
523 3720 555 3764 v.
571 3698 671 3764 Ovid.
689 3717 715 3762 11
733 3698 811 3765 Am.
827 3698 880 3776 18,
903 3705 937 3764 et
950 3699 1201 3768 Postbomericu

103 3801 457 3879 trexPonto10,lti,
491 3805 570 3867 item
599 3801 802 3879 Camerinus,
827 3819 865 3865 ιν
890 3822 933 3866 ex
958 3802 1068 3869 Ponto
1088 3806 1142 3881 16,
1166 3806 1198 3880 6,

105 3900 156 3967 rbi
168 3922 203 3967 r.
216 3908 287 3969 nat.
302 3922 347 3969 ex
361 3902 495 3969 Graecis
508 3906 577 3970 sere
590 3924 649 3969 eos
663 3922 725 3969 sna
738 3902 915 3981 effinxisse,
937 3904 1127 3988 exemplum
1142 3924 1199 3969 eo·

107 4016 183 4079 rna,
205 4004 263 4087 qni
275 4007 468 4089 superstites
480 4012 566 4085 snat,
588 4004 720 4073 credere
729 4003 835 4087 jubet.
879 4004 1004 4071 Verum
1017 4005 1060 4067 de
1072 4004 1200 4069 Latinis

167 4100 439 4169 suanacas
622 4105 692 4168 νη.
1064 4103 1135 4153 ras
