2664 4686
416 364 469 414 so
492 360 663 413 cremnos
687 302 843 414 nrssrn.
1091 346 1180 416 sm

92 506 273 591 intinctum
287 506 400 592 ipsum
414 492 640 573 Romanorum
655 507 785 573 colonia
798 507 890 573 iacta
903 512 964 586 est,
976 527 1010 573 v.
1022 499 1111 574 Piin.
1127 525 1179 585 ιν,

93 650 104 671 .
147 608 265 693 Atque
280 610 450 675 intrahaec
465 611 721 675 subsistendum.
767 608 857 673 Nam
879 610 955 673 aliis
974 610 1180 692 temporibus

92 708 222 777 humi
235 700 397 775 summam
411 712 445 775 in
462 711 616 794 Epirotas
635 711 862 776 crudelitatem
884 717 1121 793 exercuemnt3
1143 715 1182 775 ut

92 818 190 881 mm
208 813 264 877 vel
287 832 331 876 ex
356 813 454 877 Livio
479 828 570 891 m,
593 814 647 879 34.
697 814 780 890 Alii,
804 813 925 896 quibus
949 812 1102 877 Nannius
1126 829 1180 876 vu

92 912 223 979 iiiroeil.
237 913 597 998 c.12praeivit,locum
612 915 766 999 Dionysii
788 912 901 978 Halic.
915 915 978 978 huc
993 914 1123 978 nabunt
1136 933 1180 979 ex

92 1014 135 1081 ib·
148 1030 176 1092 1,
188 1016 233 1079 51
246 1012 334 1099 (⁴1),
358 1014 416 1077 ubi
425 1014 583 1098 'l'rojanis
598 1016 641 1078 ab
657 1014 759 1098 Epiro
774 1015 980 1080 solventibus
994 1016 1131 1080 comites
1144 1034 1181 1080 se
1231 1087 1235 1095 ,
1289 1062 1298 1079 .

92 1115 196 1197 orie
211 1115 314 1179 duces
328 1113 520 1199 adjunxisse
534 1121 645 1178 narrat
660 1116 840 1180 nonnullos
858 1135 903 1181 ex
925 1115 1067 1197 incolis,
1086 1112 1180 1180 ‘Ro-

92 1214 188 1295 mi}
208 1216 326 1298 inquit,
352 1216 581 1297 ‘cognationis
603 1223 637 1280 et
659 1216 811 1281 beneficii
825 1236 986 1282 memores
999 1214 1181 1297 Acarnani-

92 1314 161 1381 δυ’
178 1314 251 1402 (qni
265 1318 384 1382 saltem
398 1314 545 1401 Epirotis
558 1319 660 1382 vicini
675 1315 767 1404 srmt)
790 1319 1001 1384 ‘leucadem
1020 1324 1055 1386 et
1067 1316 1181 1384 Anae·

92 1404 193 1483 trimo
218 1416 398 1483 Corinthiis
423 1419 590 1485 ademtam
615 1419 821 1499 addixerunt,
845 1426 945 1503 atque
964 1416 1133 1485 (Ehiadas
1146 1419 1181 1484 in

93 1518 249 1601 putidam
261 1517 376 1583 mdem
387 1519 543 1585 reducere
555 1522 782 1604 permiserunt,
808 1540 852 1585 ex
876 1521 1109 1587 Echinadibns.
1121 1538 1180 1585 au·
1295 1538 1300 1543 ·

92 1624 146 1713 in
164 1620 284 1685 insulis
307 1622 488 1704 vectigalia
513 1643 589 1687 cum
612 1623 737 1687 AEtolis
759 1622 949 1687 comunis
969 1622 1091 1687 habere
1107 1621 1181 1707 jus·

92 1720 205 1811 μηδ’
248 1720 338 1787 Haec
368 1721 564 1807 Dionysius.
608 1723 789 1789 Graviores
817 1741 938 1789 causas
964 1722 1052 1787 elios
1079 1718 1180 1808 hujus

93 1816 279 1888 Malitatis
293 1822 458 1889 Romanis
472 1825 589 1903 fuisse,
605 1826 704 1890 facile
718 1825 920 1908 intelligitur.
965 1822 1073 1887 Facta
1090 1822 1180 1888 scili·

94 1925 133 1986 cs
153 1923 221 2001 iila,
247 1943 323 2007 quse
346 1931 487 2002 enarrat,
511 1928 632 2009 partim
654 1927 742 1991 bello
768 1945 846 1992 cnm
868 1924 994 1991 AEtolis
1013 1925 1179 2003 consecto,

92 2025 191 2103 psum
209 2024 298 2089 bello
319 2022 471 2091 Achaico
485 2029 670 2111 profligato,
689 2029 807 2112 partim
822 2027 921 2092 etiem
936 2026 1036 2093 ducta
1049 2026 1093 2090 ab
1109 2022 1180 2089 Au·

92 2129 168 2211 puto
182 2123 320 2191 Actium
334 2128 466 2193 colonia
480 2136 514 2193 et
528 2128 689 2213 Nicopoli
711 2130 852 2195 condita.
901 2123 1020 2190 Leucus
1046 2125 1179 2208 quidem

92 2218 194 2290 AEtolis
209 2225 344 2292 ademta
359 2248 380 2291 a
396 2228 570 2306 Romanis,
584 2231 659 2294 hinc
671 2227 902 2295 Acamanibus
909 2229 1070 2305 restituta,
1077 2222 1179 2308 puolo

92 2331 152 2404 pust
162 2324 376 2392 Acarnanum
391 2330 533 2393 concilio
549 2330 705 2394 eximitur
719 2350 774 2413 ap.
790 2328 866 2394 Ην.
880 2343 972 2404 xer,
986 2324 1041 2391 31.
1072 2320 1181 2388 Anac·

92 2428 183 2493 terium
198 2448 277 2493 vero
291 2431 424 2495 colonia
445 2431 508 2495 init
530 2429 772 2495 Corinthiorum
796 2427 847 2514 (v.
864 2429 980 2512 Steph.
996 2428 1081 2511 Byr„
1095 2425 1130 2491 h.
1146 2446 1179 2491 v.

92 2528 241 2599 escaio
257 2547 298 2608 x,
312 2552 347 2616 p.
361 2529 463 2615 452);
486 2533 528 2596 iis
543 2532 656 2614 itaque
671 2531 839 2596 ademtam
854 2551 876 2594 a
891 2529 1067 2607 Romanis,
1094 2527 1179 2593 Dio·

92 2629 182 2711 prins
208 2637 332 2695 narrat.
390 2631 499 2697 Iidem
526 2630 683 2697 Corinthii
709 2631 900 2696 Leucadem
927 2635 1101 2695 tenuerant
1129 2627 1179 2714 (v.

92 2723 193 2797 Strabo
216 2751 253 2815 p.
276 2731 350 2795 ead.
374 2728 424 2814 u.)
445 2751 521 2797 cum
534 2736 602 2797 toto
616 2731 681 2797 hoc
696 2732 896 2797 Acarnaniae
911 2736 1018 2796 tractu
1030 2729 1178 2807 littorali,

92 2829 170 2899 urbm
182 2830 411 2911 Ambraciam,
435 2831 478 2898 de
492 2852 561 2915 qua
573 2831 650 2896 ride
664 2832 814 2917 mythum
828 2833 1026 2916 antiquioris
1041 2832 1109 2896 arvi
1121 2850 1180 2915 ap.

92 2924 226 2999 dumio.
251 2932 362 2999 Liber.
389 2953 419 2998 c.
443 2934 477 3000 4.
504 2933 613 2997 Schol.
642 2932 803 3016 Apollon.
832 2950 884 3010 rv,
909 2933 996 2998 1212
1020 2938 1055 2997 et
1078 2931 1177 2997 1216.
1306 3015 1308 3019 ‚

92 3028 232 3101 deiude
253 3034 386 3100 tandem
408 3033 635 3111 Acarnanum,
661 3042 770 3117 captae
795 3052 816 3095 a
840 3033 980 3098 Laevino
1001 3040 1035 3095 et
1054 3032 1177 3097 AEtolis

92 3136 278 3214 susinum,
296 3135 347 3220 (v.
362 3136 439 3201 Liv.
456 3153 567 3213 xxvi,
581 3132 642 3218 24)
654 3154 737 3199 mox
750 3154 834 3218 pace
850 3154 926 3199 cum
940 3133 1065 3197 AEtolis
1078 3134 1178 3199 victis

92 3229 486 3302 micamanibussunt
499 3238 679 3317 restitutae;
694 3256 726 3301 v.
742 3235 818 3300 Ida.
836 3250 1014 3313 xxxviii,
1026 3234 1088 3315 11;
1109 3253 1176 3318 quo

92 3330 160 3401 uuo
180 3337 265 3402 forte
284 3339 402 3402 iterum
419 3344 543 3402 veteres
568 3338 687 3403 incolae
709 3336 798 3402 suere
811 3336 952 3423 reducti.
995 3332 1088 3403 Inter
1101 3335 1175 3401 haec

92 3436 178 3507 ‚mn
191 3439 306 3502 omnia
318 3437 364 3503 ad
377 3459 428 3518 ea,
448 3460 526 3523 quse
541 3438 712 3522 Augustos
726 3441 815 3519 fecit,
830 3439 977 3507 maxime
988 3437 1176 3523 respexisse

92 3532 174 3606 ritui
187 3537 286 3605 debet
299 3539 410 3625 poeta.
