<?xml version="1.0" encoding="UTF-8"?>
<!DOCTYPE html PUBLIC "-//W3C//DTD XHTML 1.0 Transitional//EN"
    "http://www.w3.org/TR/xhtml1/DTD/xhtml1-transitional.dtd">
<html xmlns="http://www.w3.org/1999/xhtml" xml:lang="en" lang="en">
 <head>
  <title>
</title>
<meta http-equiv="Content-Type" content="text/html;charset=utf-8" />
  <meta name='ocr-system' content='tesseract 3.04.00' />
  <meta name='ocr-capabilities' content='ocr_page ocr_carea ocr_par ocr_line ocrx_word'/>
</head>
<body>
  <div class='ocr_page' id='page_1' title='image "./pvirgiliimaroni00virggoog/pvirgiliimaroni00virggoog_0136.png"; bbox 0 0 2664 4686; ppageno 0'>
   <div class='ocr_carea' id='block_1_1' title="bbox 10 37 1087 2409">
    <p class='ocr_par' dir='ltr' id='par_1_1' title="bbox 10 37 1087 1714">
     <span class='ocr_line' id='line_1_1' title="bbox 21 37 1009 90; baseline 0.011 -11"><span class='ocrx_word' id='word_1_1' title='bbox 21 39 77 80; x_wconf 87' lang='lat' dir='ltr'><strong>mc</strong></span> <span class='ocrx_word' id='word_1_2' title='bbox 98 38 263 81; x_wconf 84' lang='lat' dir='ltr'><strong>rrsauner</strong></span> <span class='ocrx_word' id='word_1_3' title='bbox 286 37 362 82; x_wconf 88' lang='lat' dir='ltr'><strong>cum</strong></span> <span class='ocrx_word' id='word_1_4' title='bbox 387 38 545 83; x_wconf 76' lang='lat' dir='ltr'><strong>raoncro</strong></span> <span class='ocrx_word' id='word_1_5' title='bbox 567 39 697 83; x_wconf 82' lang='lat' dir='ltr'><strong>vruarur</strong></span> <span class='ocrx_word' id='word_1_6' title='bbox 719 40 794 84; x_wconf 80' lang='lat' dir='ltr'><strong>osae</strong></span> <span class='ocrx_word' id='word_1_7' title='bbox 816 39 1009 90; x_wconf 80' lang='lat' dir='ltr'><strong>nanenous:</strong></span> 
     </span>
     <span class='ocr_line' id='line_1_2' title="bbox 10 118 1010 202; baseline 0.009 -21"><span class='ocrx_word' id='word_1_8' title='bbox 10 118 70 181; x_wconf 84' lang='lat' dir='ltr'><strong>nim</strong></span> <span class='ocrx_word' id='word_1_9' title='bbox 93 118 313 202; x_wconf 74' lang='lat' dir='ltr'><strong>epigramma,</strong></span> <span class='ocrx_word' id='word_1_10' title='bbox 337 119 427 201; x_wconf 88' lang='lat' dir='ltr'><strong>quod</strong></span> <span class='ocrx_word' id='word_1_11' title='bbox 452 121 515 182; x_wconf 84' lang='lat' dir='ltr'><strong>sub</strong></span> <span class='ocrx_word' id='word_1_12' title='bbox 544 118 701 184; x_wconf 83' lang='lat' dir='ltr'><strong>Pisandri</strong></span> <span class='ocrx_word' id='word_1_13' title='bbox 726 118 857 185; x_wconf 90' lang='lat' dir='ltr'><strong>Rhodii</strong></span> <span class='ocrx_word' id='word_1_14' title='bbox 876 125 1010 191; x_wconf 86' lang='lat' dir='ltr'><strong>nomina</strong></span> 
     </span>
     <span class='ocr_line' id='line_1_3' title="bbox 10 216 1087 304; baseline 0.006 -19"><span class='ocrx_word' id='word_1_15' title='bbox 10 238 55 285; x_wconf 81' lang='lat' dir='ltr'><strong>‚ur</strong></span> <span class='ocrx_word' id='word_1_16' title='bbox 66 216 121 304; x_wconf 84' lang='lat' dir='ltr'><strong>(v.</strong></span> <span class='ocrx_word' id='word_1_17' title='bbox 141 218 287 283; x_wconf 84' lang='lat' dir='ltr'><strong>Bnmck.</strong></span> <span class='ocrx_word' id='word_1_18' title='bbox 303 216 405 284; x_wconf 78' lang='lat' dir='ltr'><strong>Anal.</strong></span> <span class='ocrx_word' id='word_1_19' title='bbox 420 219 462 284; x_wconf 89' lang='grc' dir='ltr'><strong>Τ.</strong></span> <span class='ocrx_word' id='word_1_20' title='bbox 479 237 521 297; x_wconf 85' lang='grc' dir='ltr'><strong>ιι,</strong></span> <span class='ocrx_word' id='word_1_21' title='bbox 545 220 930 304; x_wconf 53' lang='lat' dir='ltr'><strong>pusillanimitatem</strong></span> <span class='ocrx_word' id='word_1_22' title='bbox 950 233 1010 293; x_wconf 83' lang='lat' dir='ltr'><strong>aut</strong></span> <span class='ocrx_word' id='word_1_23' title='bbox 1068 256 1087 277; x_wconf 58' lang='grc' dir='ltr'>ι</span> 
     </span>
     <span class='ocr_line' id='line_1_4' title="bbox 10 318 1010 391; baseline 0.008 -8"><span class='ocrx_word' id='word_1_24' title='bbox 10 320 148 385; x_wconf 73' lang='grc' dir='ltr'><strong>,οἰίαίοιιι</strong></span> <span class='ocrx_word' id='word_1_25' title='bbox 160 318 298 384; x_wconf 86' lang='lat' dir='ltr'><strong>radolet.</strong></span> <span class='ocrx_word' id='word_1_26' title='bbox 343 319 464 384; x_wconf 77' lang='lat' dir='ltr'>Latere</span> <span class='ocrx_word' id='word_1_27' title='bbox 479 322 578 384; x_wconf 85' lang='lat' dir='ltr'><strong>etiam</strong></span> <span class='ocrx_word' id='word_1_28' title='bbox 598 321 655 386; x_wconf 80' lang='lat' dir='ltr'><strong>illa</strong></span> <span class='ocrx_word' id='word_1_29' title='bbox 675 322 804 387; x_wconf 85' lang='lat' dir='ltr'><strong>videtur</strong></span> <span class='ocrx_word' id='word_1_30' title='bbox 826 325 889 388; x_wconf 84' lang='lat' dir='ltr'><strong>sub</strong></span> <span class='ocrx_word' id='word_1_31' title='bbox 903 324 1010 391; x_wconf 83' lang='lat' dir='ltr'><strong>Thau·</strong></span> 
     </span>
     <span class='ocr_line' id='line_1_5' title="bbox 10 419 1011 502; baseline 0.01 -20"><span class='ocrx_word' id='word_1_32' title='bbox 10 420 166 483; x_wconf 86' lang='lat' dir='ltr'><strong>·.nomina</strong></span> <span class='ocrx_word' id='word_1_33' title='bbox 194 438 250 502; x_wconf 86' lang='lat' dir='ltr'><strong>ap.</strong></span> <span class='ocrx_word' id='word_1_34' title='bbox 273 419 368 484; x_wconf 83' lang='lat' dir='ltr'><strong>Serv.</strong></span> <span class='ocrx_word' id='word_1_35' title='bbox 392 420 435 483; x_wconf 92' lang='lat' dir='ltr'><strong>ad</strong></span> <span class='ocrx_word' id='word_1_36' title='bbox 466 438 506 498; x_wconf 90' lang='lat' dir='ltr'><strong>rr,</strong></span> <span class='ocrx_word' id='word_1_37' title='bbox 528 421 604 486; x_wconf 79' lang='lat'>211.</span> <span class='ocrx_word' id='word_1_38' title='bbox 646 421 700 487; x_wconf 81' lang='lat' dir='ltr'><strong>Cf.</strong></span> <span class='ocrx_word' id='word_1_39' title='bbox 721 424 778 488; x_wconf 79' lang='lat' dir='ltr'><strong>inf.</strong></span> <span class='ocrx_word' id='word_1_40' title='bbox 801 424 944 491; x_wconf 83' lang='lat' dir='ltr'><strong>Excms.</strong></span> <span class='ocrx_word' id='word_1_41' title='bbox 965 426 1011 493; x_wconf 86' lang='lat' dir='ltr'><strong>ad</strong></span> 
     </span>
     <span class='ocr_line' id='line_1_6' title="bbox 10 619 1009 709; baseline 0.007 -22"><span class='ocrx_word' id='word_1_42' title='bbox 10 640 32 687; x_wconf 78' lang='lat' dir='ltr'><strong>a</strong></span> <span class='ocrx_word' id='word_1_43' title='bbox 56 619 166 684; x_wconf 83' lang='lat' dir='ltr'><strong>adhuc</strong></span> <span class='ocrx_word' id='word_1_44' title='bbox 192 624 457 701; x_wconf 83' lang='lat' dir='ltr'><strong>commemoravi,</strong></span> <span class='ocrx_word' id='word_1_45' title='bbox 472 643 513 688; x_wconf 81' lang='lat' dir='ltr'><strong>ea</strong></span> <span class='ocrx_word' id='word_1_46' title='bbox 537 643 601 703; x_wconf 87' lang='lat' dir='ltr'><strong>me,</strong></span> <span class='ocrx_word' id='word_1_47' title='bbox 617 627 674 709; x_wconf 93' lang='lat' dir='ltr'><strong>qui</strong></span> <span class='ocrx_word' id='word_1_48' title='bbox 697 627 789 691; x_wconf 92' lang='lat' dir='ltr'><strong>nullo</strong></span> <span class='ocrx_word' id='word_1_49' title='bbox 810 646 871 691; x_wconf 80' lang='lat' dir='ltr'><strong>sen</strong></span> <span class='ocrx_word' id='word_1_50' title='bbox 884 628 933 693; x_wconf 85' lang='lat' dir='ltr'><strong>rei</strong></span> <span class='ocrx_word' id='word_1_51' title='bbox 948 647 1009 693; x_wconf 85' lang='lat' dir='ltr'><strong>sau</strong></span> 
     </span>
     <span class='ocr_line' id='line_1_7' title="bbox 10 719 1010 810; baseline 0.01 -26"><span class='ocrx_word' id='word_1_52' title='bbox 10 720 71 785; x_wconf 84' lang='lat' dir='ltr'><strong>mis</strong></span> <span class='ocrx_word' id='word_1_53' title='bbox 93 719 205 784; x_wconf 84' lang='lat' dir='ltr'><strong>studio</strong></span> <span class='ocrx_word' id='word_1_54' title='bbox 228 727 349 800; x_wconf 77' lang='lat' dir='ltr'><strong>teneor,</strong></span> <span class='ocrx_word' id='word_1_55' title='bbox 375 731 518 802; x_wconf 85' lang='lat' dir='ltr'><strong>movent,</strong></span> <span class='ocrx_word' id='word_1_56' title='bbox 539 733 576 790; x_wconf 86' lang='lat' dir='ltr'><strong>ut</strong></span> <span class='ocrx_word' id='word_1_57' title='bbox 597 727 645 805; x_wconf 92' lang='lat' dir='ltr'><strong>id,</strong></span> <span class='ocrx_word' id='word_1_58' title='bbox 662 727 751 810; x_wconf 92' lang='lat' dir='ltr'><strong>quod</strong></span> <span class='ocrx_word' id='word_1_59' title='bbox 776 728 856 792; x_wconf 89' lang='lat' dir='ltr'><strong>olim</strong></span> <span class='ocrx_word' id='word_1_60' title='bbox 875 736 1010 795; x_wconf 80' lang='lat' dir='ltr'><strong>secutus</strong></span> 
     </span>
     <span class='ocr_line' id='line_1_8' title="bbox 10 821 1011 913; baseline 0.008 -24"><span class='ocrx_word' id='word_1_61' title='bbox 10 821 205 889; x_wconf 70' lang='lat' dir='ltr'><strong>alinandum</strong></span> <span class='ocrx_word' id='word_1_62' title='bbox 226 824 379 887; x_wconf 74' lang='lat' dir='ltr'><strong>arbitrer:</strong></span> <span class='ocrx_word' id='word_1_63' title='bbox 403 824 535 891; x_wconf 86' lang='lat' dir='ltr'><strong>diversa</strong></span> <span class='ocrx_word' id='word_1_64' title='bbox 547 827 652 892; x_wconf 81' lang='lat' dir='ltr'><strong>fuisse</strong></span> <span class='ocrx_word' id='word_1_65' title='bbox 674 848 777 913; x_wconf 84' lang='lat' dir='ltr'><strong>opera</strong></span> <span class='ocrx_word' id='word_1_66' title='bbox 788 828 964 912; x_wconf 66' lang='grc' dir='ltr'><strong>Ἡρακλείας</strong></span> <span class='ocrx_word' id='word_1_67' title='bbox 978 838 1011 897; x_wconf 81' lang='lat' dir='ltr'><strong>al</strong></span> 
     </span>
     <span class='ocr_line' id='line_1_9' title="bbox 10 923 1010 1013; baseline 0.008 -25"><span class='ocrx_word' id='word_1_68' title='bbox 10 923 209 1009; x_wconf 75' lang='grc' dir='ltr'><strong>νθιογαμιῶνε</strong></span> <span class='ocrx_word' id='word_1_69' title='bbox 232 942 308 987; x_wconf 88' lang='lat' dir='ltr'><strong>nam</strong></span> <span class='ocrx_word' id='word_1_70' title='bbox 329 930 368 988; x_wconf 86' lang='lat' dir='ltr'><strong>ul</strong></span> <span class='ocrx_word' id='word_1_71' title='bbox 393 930 590 994; x_wconf 88' lang='lat' dir='ltr'><strong>contrarium</strong></span> <span class='ocrx_word' id='word_1_72' title='bbox 609 932 744 1009; x_wconf 81' lang='lat' dir='ltr'><strong>tuearis,</strong></span> <span class='ocrx_word' id='word_1_73' title='bbox 759 932 854 1013; x_wconf 88' lang='lat' dir='ltr'><strong>plura</strong></span> <span class='ocrx_word' id='word_1_74' title='bbox 868 941 926 998; x_wconf 86' lang='lat' dir='ltr'><strong>aut</strong></span> <span class='ocrx_word' id='word_1_75' title='bbox 938 932 1010 996; x_wconf 84' lang='lat' dir='ltr'><strong>sina</strong></span> 
     </span>
     <span class='ocr_line' id='line_1_10' title="bbox 10 1026 1010 1113; baseline 0.006 -22"><span class='ocrx_word' id='word_1_76' title='bbox 10 1046 27 1091; x_wconf 87' lang='lat' dir='ltr'><strong>a</strong></span> <span class='ocrx_word' id='word_1_77' title='bbox 53 1032 112 1091; x_wconf 83' lang='lat' dir='ltr'><strong>aut</strong></span> <span class='ocrx_word' id='word_1_78' title='bbox 139 1026 299 1089; x_wconf 83' lang='lat' dir='ltr'><strong>advorsus</strong></span> <span class='ocrx_word' id='word_1_79' title='bbox 325 1046 455 1090; x_wconf 87' lang='lat' dir='ltr'><strong>omnem</strong></span> <span class='ocrx_word' id='word_1_80' title='bbox 481 1032 641 1094; x_wconf 79' lang='lat' dir='ltr'><strong>rationem</strong></span> <span class='ocrx_word' id='word_1_81' title='bbox 665 1032 896 1113; x_wconf 85' lang='lat' dir='ltr'><strong>amplectenda</strong></span> <span class='ocrx_word' id='word_1_82' title='bbox 923 1038 1010 1097; x_wconf 88' lang='lat' dir='ltr'><strong>sunt.</strong></span> 
     </span>
     <span class='ocr_line' id='line_1_11' title="bbox 10 1125 1011 1214; baseline 0.004 -24"><span class='ocrx_word' id='word_1_83' title='bbox 10 1132 72 1205; x_wconf 81' lang='lat' dir='ltr'><strong>asi,</strong></span> <span class='ocrx_word' id='word_1_84' title='bbox 85 1132 122 1191; x_wconf 85' lang='lat' dir='ltr'><strong>ut</strong></span> <span class='ocrx_word' id='word_1_85' title='bbox 133 1127 176 1191; x_wconf 86' lang='lat' dir='ltr'><strong>de</strong></span> <span class='ocrx_word' id='word_1_86' title='bbox 190 1129 266 1210; x_wconf 87' lang='lat' dir='ltr'><strong>ipso</strong></span> <span class='ocrx_word' id='word_1_87' title='bbox 279 1125 454 1191; x_wconf 89' lang='lat' dir='ltr'><strong>Macrobio</strong></span> <span class='ocrx_word' id='word_1_88' title='bbox 468 1128 698 1214; x_wconf 84' lang='lat' dir='ltr'><strong>dispiciamus,</strong></span> <span class='ocrx_word' id='word_1_89' title='bbox 714 1133 772 1213; x_wconf 92' lang='lat' dir='ltr'><strong>qui</strong></span> <span class='ocrx_word' id='word_1_90' title='bbox 787 1133 1011 1195; x_wconf 82' lang='lat' dir='ltr'><strong>‘eversionem</strong></span> 
     </span>
     <span class='ocr_line' id='line_1_12' title="bbox 10 1226 1010 1315; baseline 0.004 -24"><span class='ocrx_word' id='word_1_91' title='bbox 10 1226 249 1309; x_wconf 65' lang='lat' dir='ltr'><strong>:Virgilianam</strong></span> <span class='ocrx_word' id='word_1_92' title='bbox 274 1247 297 1291; x_wconf 88' lang='lat' dir='ltr'><strong>a</strong></span> <span class='ocrx_word' id='word_1_93' title='bbox 319 1226 485 1293; x_wconf 83' lang='lat' dir='ltr'><strong>Pisandro</strong></span> <span class='ocrx_word' id='word_1_94' title='bbox 505 1248 602 1310; x_wconf 83' lang='lat' dir='ltr'><strong>paena</strong></span> <span class='ocrx_word' id='word_1_95' title='bbox 616 1229 660 1292; x_wconf 89' lang='lat' dir='ltr'><strong>ad</strong></span> <span class='ocrx_word' id='word_1_96' title='bbox 675 1230 812 1292; x_wconf 86' lang='lat' dir='ltr'><strong>verbum</strong></span> <span class='ocrx_word' id='word_1_97' title='bbox 832 1232 1010 1315; x_wconf 79' lang='lat' dir='ltr'><strong>transcrip-</strong></span> 
     </span>
     <span class='ocr_line' id='line_1_13' title="bbox 10 1325 1009 1411; baseline 0.002 -18"><span class='ocrx_word' id='word_1_98' title='bbox 10 1332 144 1393; x_wconf 71' lang='lat' dir='ltr'><strong>astatur.</strong></span> <span class='ocrx_word' id='word_1_99' title='bbox 177 1325 255 1404; x_wconf 79' lang='lat' dir='ltr'><strong>Qua</strong></span> <span class='ocrx_word' id='word_1_100' title='bbox 269 1328 304 1390; x_wconf 93' lang='lat' dir='ltr'><strong>in</strong></span> <span class='ocrx_word' id='word_1_101' title='bbox 318 1346 353 1390; x_wconf 83' lang='lat' dir='ltr'><strong>re</strong></span> <span class='ocrx_word' id='word_1_102' title='bbox 367 1344 503 1390; x_wconf 81' lang='lat' dir='ltr'><strong>necesse</strong></span> <span class='ocrx_word' id='word_1_103' title='bbox 516 1333 577 1404; x_wconf 86' lang='lat' dir='ltr'><strong>ast,</strong></span> <span class='ocrx_word' id='word_1_104' title='bbox 593 1333 651 1391; x_wconf 91' lang='lat' dir='ltr'><strong>aut</strong></span> <span class='ocrx_word' id='word_1_105' title='bbox 671 1326 886 1393; x_wconf 85' lang='lat' dir='ltr'><strong>Macrobium</strong></span> <span class='ocrx_word' id='word_1_106' title='bbox 899 1330 1009 1411; x_wconf 83' lang='lat' dir='ltr'><strong>gravi-</strong></span> 
     </span>
     <span class='ocr_line' id='line_1_14' title="bbox 10 1425 1008 1514; baseline 0.001 -21"><span class='ocrx_word' id='word_1_107' title='bbox 10 1448 103 1506; x_wconf 67' lang='lat' dir='ltr'><strong>msa,</strong></span> <span class='ocrx_word' id='word_1_108' title='bbox 123 1434 182 1495; x_wconf 66' lang='lat' dir='ltr'><strong>aut</strong></span> <span class='ocrx_word' id='word_1_109' title='bbox 195 1432 314 1514; x_wconf 77' lang='grc' dir='ltr'><strong>ἡρωΐκὰς</strong></span> <span class='ocrx_word' id='word_1_110' title='bbox 330 1425 484 1511; x_wconf 76' lang='grc' dir='ltr'><strong><em>θεογαμίας</em></strong></span> <span class='ocrx_word' id='word_1_111' title='bbox 497 1446 563 1490; x_wconf 89' lang='lat' dir='ltr'><strong>non</strong></span> <span class='ocrx_word' id='word_1_112' title='bbox 579 1427 812 1506; x_wconf 70' lang='lat' dir='ltr'><strong>Larandensis,</strong></span> <span class='ocrx_word' id='word_1_113' title='bbox 827 1429 918 1512; x_wconf 84' lang='lat' dir='ltr'><strong>quod</strong></span> <span class='ocrx_word' id='word_1_114' title='bbox 932 1429 1008 1494; x_wconf 84' lang='lat' dir='ltr'><strong>Sui-</strong></span> 
     </span>
     <span class='ocr_line' id='line_1_15' title="bbox 10 1526 1009 1611; baseline -0.001 -16"><span class='ocrx_word' id='word_1_115' title='bbox 10 1534 170 1607; x_wconf 66' lang='lat' dir='ltr'><strong>numerat,</strong></span> <span class='ocrx_word' id='word_1_116' title='bbox 186 1527 246 1593; x_wconf 81' lang='lat' dir='ltr'><strong>sod</strong></span> <span class='ocrx_word' id='word_1_117' title='bbox 259 1528 393 1594; x_wconf 67' lang='lat' dir='ltr'><strong>oileum</strong></span> <span class='ocrx_word' id='word_1_118' title='bbox 409 1526 532 1611; x_wconf 74' lang='lat' dir='ltr'><strong>poiitae,</strong></span> <span class='ocrx_word' id='word_1_119' title='bbox 548 1530 606 1611; x_wconf 91' lang='lat' dir='ltr'><strong>qui</strong></span> <span class='ocrx_word' id='word_1_120' title='bbox 631 1533 706 1593; x_wconf 80' lang='lat' dir='ltr'><strong>anta</strong></span> <span class='ocrx_word' id='word_1_121' title='bbox 720 1526 899 1611; x_wconf 79' lang='lat' dir='ltr'><strong>Virgilium</strong></span> <span class='ocrx_word' id='word_1_122' title='bbox 913 1530 1009 1594; x_wconf 67' lang='lat' dir='ltr'><strong>uixe-</strong></span> 
     </span>
     <span class='ocr_line' id='line_1_16' title="bbox 10 1628 847 1714; baseline 0.001 -19"><span class='ocrx_word' id='word_1_123' title='bbox 10 1630 192 1713; x_wconf 73' lang='lat' dir='ltr'><strong>masinissa.</strong></span> <span class='ocrx_word' id='word_1_124' title='bbox 234 1628 431 1707; x_wconf 83' lang='lat' dir='ltr'><strong>Videamus,</strong></span> <span class='ocrx_word' id='word_1_125' title='bbox 447 1634 553 1693; x_wconf 82' lang='lat' dir='ltr'><strong>ulrum</strong></span> <span class='ocrx_word' id='word_1_126' title='bbox 567 1630 613 1694; x_wconf 86' lang='lat' dir='ltr'><strong>sit</strong></span> <span class='ocrx_word' id='word_1_127' title='bbox 626 1629 847 1714; x_wconf 84' lang='lat' dir='ltr'><strong>probabilius.</strong></span> 
     </span>
    </p>

    <p class='ocr_par' dir='ltr' id='par_1_2' title="bbox 10 1730 1013 2409">
     <span class='ocr_line' id='line_1_17' title="bbox 10 1730 1012 1817; baseline 0.002 -20"><span class='ocrx_word' id='word_1_128' title='bbox 10 1730 69 1797; x_wconf 79' lang='lat' dir='ltr'><strong>loo</strong></span> <span class='ocrx_word' id='word_1_129' title='bbox 93 1750 211 1817; x_wconf 87' lang='lat' dir='ltr'><strong>ponas,</strong></span> <span class='ocrx_word' id='word_1_130' title='bbox 226 1731 330 1796; x_wconf 84' lang='lat' dir='ltr'><strong>fuisse</strong></span> <span class='ocrx_word' id='word_1_131' title='bbox 353 1750 484 1795; x_wconf 88' lang='lat' dir='ltr'><strong>carmen</strong></span> <span class='ocrx_word' id='word_1_132' title='bbox 507 1731 590 1797; x_wconf 93' lang='lat' dir='ltr'><strong>illud</strong></span> <span class='ocrx_word' id='word_1_133' title='bbox 604 1730 745 1815; x_wconf 84' lang='lat' dir='ltr'><strong>Virgilio</strong></span> <span class='ocrx_word' id='word_1_134' title='bbox 766 1732 949 1816; x_wconf 76' lang='lat' dir='ltr'><strong>antiquius,</strong></span> <span class='ocrx_word' id='word_1_135' title='bbox 973 1741 1012 1800; x_wconf 85' lang='lat' dir='ltr'><strong>ut</strong></span> 
     </span>
     <span class='ocr_line' id='line_1_18' title="bbox 10 1831 1012 1918; baseline -0.003 -15"><span class='ocrx_word' id='word_1_136' title='bbox 10 1852 98 1903; x_wconf 78' lang='lat' dir='ltr'><strong>lmen</strong></span> <span class='ocrx_word' id='word_1_137' title='bbox 116 1833 161 1897; x_wconf 85' lang='lat' dir='ltr'><strong>ad</strong></span> <span class='ocrx_word' id='word_1_138' title='bbox 184 1832 383 1897; x_wconf 89' lang='lat' dir='ltr'><strong>Pisandrum</strong></span> <span class='ocrx_word' id='word_1_139' title='bbox 403 1831 573 1897; x_wconf 91' lang='lat' dir='ltr'><strong>Rhodium</strong></span> <span class='ocrx_word' id='word_1_140' title='bbox 588 1834 698 1897; x_wconf 81' lang='lat' dir='ltr'><strong>referri</strong></span> <span class='ocrx_word' id='word_1_141' title='bbox 720 1832 803 1897; x_wconf 92' lang='lat' dir='ltr'><strong>illud</strong></span> <span class='ocrx_word' id='word_1_142' title='bbox 822 1835 952 1918; x_wconf 80' lang='lat' dir='ltr'><strong>possit3</strong></span> <span class='ocrx_word' id='word_1_143' title='bbox 975 1833 1012 1900; x_wconf 91' lang='lat' dir='ltr'><strong>id</strong></span> 
     </span>
     <span class='ocr_line' id='line_1_19' title="bbox 10 1932 1011 2018; baseline -0.002 -15"><span class='ocrx_word' id='word_1_144' title='bbox 10 1936 150 2003; x_wconf 82' lang='lat' dir='ltr'><strong>uidimus</strong></span> <span class='ocrx_word' id='word_1_145' title='bbox 172 1934 243 1999; x_wconf 88' lang='lat' dir='ltr'><strong>fieri</strong></span> <span class='ocrx_word' id='word_1_146' title='bbox 265 1953 331 1999; x_wconf 92' lang='lat' dir='ltr'><strong>non</strong></span> <span class='ocrx_word' id='word_1_147' title='bbox 351 1954 469 2018; x_wconf 83' lang='lat' dir='ltr'><strong>possa3</strong></span> <span class='ocrx_word' id='word_1_148' title='bbox 492 1954 620 1999; x_wconf 80' lang='lat' dir='ltr'><strong>sumere</strong></span> <span class='ocrx_word' id='word_1_149' title='bbox 644 1932 771 2017; x_wconf 88' lang='lat' dir='ltr'><strong>aliquid</strong></span> <span class='ocrx_word' id='word_1_150' title='bbox 797 1953 931 1999; x_wconf 83' lang='lat' dir='ltr'><strong>necesse</strong></span> <span class='ocrx_word' id='word_1_151' title='bbox 950 1943 1011 2016; x_wconf 81' lang='lat' dir='ltr'><strong>ast,</strong></span> 
     </span>
     <span class='ocr_line' id='line_1_20' title="bbox 10 2035 1009 2118; baseline -0.002 -13"><span class='ocrx_word' id='word_1_152' title='bbox 10 2044 42 2105; x_wconf 80' lang='lat' dir='ltr'><strong>ai</strong></span> <span class='ocrx_word' id='word_1_153' title='bbox 54 2039 147 2103; x_wconf 91' lang='lat' dir='ltr'><strong>omni</strong></span> <span class='ocrx_word' id='word_1_154' title='bbox 160 2038 353 2103; x_wconf 75' lang='lat' dir='ltr'><strong>auctoritate</strong></span> <span class='ocrx_word' id='word_1_155' title='bbox 376 2042 477 2114; x_wconf 78' lang='lat' dir='ltr'><strong>uarat,</strong></span> <span class='ocrx_word' id='word_1_156' title='bbox 497 2041 622 2101; x_wconf 83' lang='lat' dir='ltr'><strong>atvero</strong></span> <span class='ocrx_word' id='word_1_157' title='bbox 638 2035 739 2100; x_wconf 81' lang='lat' dir='ltr'><strong>otiam</strong></span> <span class='ocrx_word' id='word_1_158' title='bbox 757 2035 1009 2118; x_wconf 74' lang='lat' dir='ltr'><strong>probabilitate:</strong></span> 
     </span>
     <span class='ocr_line' id='line_1_21' title="bbox 10 2136 1013 2215; baseline -0.002 -10"><span class='ocrx_word' id='word_1_159' title='bbox 10 2160 93 2206; x_wconf 68' lang='lat' dir='ltr'><strong>uo</strong></span> <span class='ocrx_word' id='word_1_160' title='bbox 107 2141 193 2205; x_wconf 89' lang='lat' dir='ltr'><strong>alins</strong></span> <span class='ocrx_word' id='word_1_161' title='bbox 209 2144 266 2204; x_wconf 89' lang='lat' dir='ltr'><strong>aut</strong></span> <span class='ocrx_word' id='word_1_162' title='bbox 279 2139 379 2203; x_wconf 84' lang='lat' dir='ltr'><strong>talem</strong></span> <span class='ocrx_word' id='word_1_163' title='bbox 405 2138 614 2215; x_wconf 82' lang='lat' dir='ltr'><strong>Pisandrum,</strong></span> <span class='ocrx_word' id='word_1_164' title='bbox 637 2142 696 2201; x_wconf 89' lang='lat' dir='ltr'><strong>aut</strong></span> <span class='ocrx_word' id='word_1_165' title='bbox 719 2136 785 2201; x_wconf 84' lang='lat' dir='ltr'><strong>tale</strong></span> <span class='ocrx_word' id='word_1_166' title='bbox 800 2154 931 2201; x_wconf 82' lang='lat' dir='ltr'><strong>carmen</strong></span> <span class='ocrx_word' id='word_1_167' title='bbox 945 2157 1013 2203; x_wconf 83' lang='lat' dir='ltr'><strong>ma-</strong></span> 
     </span>
     <span class='ocr_line' id='line_1_22' title="bbox 10 2236 1011 2325; baseline -0.005 -16"><span class='ocrx_word' id='word_1_168' title='bbox 10 2242 56 2321; x_wconf 78' lang='lat' dir='ltr'><strong>it,</strong></span> <span class='ocrx_word' id='word_1_169' title='bbox 68 2240 160 2325; x_wconf 87' lang='lat' dir='ltr'><strong>quod</strong></span> <span class='ocrx_word' id='word_1_170' title='bbox 174 2248 286 2305; x_wconf 80' lang='lat' dir='ltr'><strong>tamon</strong></span> <span class='ocrx_word' id='word_1_171' title='bbox 300 2241 343 2304; x_wconf 87' lang='lat' dir='ltr'><strong>iis</strong></span> <span class='ocrx_word' id='word_1_172' title='bbox 357 2240 512 2307; x_wconf 76' lang='lat' dir='ltr'><strong>aetatibus</strong></span> <span class='ocrx_word' id='word_1_173' title='bbox 531 2238 694 2322; x_wconf 78' lang='lat' dir='ltr'><strong>scriptum</strong></span> <span class='ocrx_word' id='word_1_174' title='bbox 715 2255 792 2301; x_wconf 85' lang='lat' dir='ltr'><strong>asso</strong></span> <span class='ocrx_word' id='word_1_175' title='bbox 808 2236 953 2316; x_wconf 82' lang='lat' dir='ltr'><strong>deberat,</strong></span> <span class='ocrx_word' id='word_1_176' title='bbox 969 2239 1011 2304; x_wconf 87' lang='lat' dir='ltr'><strong>da</strong></span> 
     </span>
     <span class='ocr_line' id='line_1_23' title="bbox 10 2336 1013 2409; baseline -0.007 0"><span class='ocrx_word' id='word_1_177' title='bbox 10 2344 135 2409; x_wconf 79' lang='lat' dir='ltr'><strong>ruatis</strong></span> <span class='ocrx_word' id='word_1_178' title='bbox 163 2343 268 2409; x_wconf 87' lang='lat' dir='ltr'><strong>multa</strong></span> <span class='ocrx_word' id='word_1_179' title='bbox 295 2340 394 2405; x_wconf 85' lang='lat' dir='ltr'><strong>nobis</strong></span> <span class='ocrx_word' id='word_1_180' title='bbox 422 2339 544 2405; x_wconf 84' lang='lat' dir='ltr'><strong>tradita</strong></span> <span class='ocrx_word' id='word_1_181' title='bbox 571 2344 659 2403; x_wconf 82' lang='lat' dir='ltr'><strong>sunt.</strong></span> <span class='ocrx_word' id='word_1_182' title='bbox 704 2336 870 2403; x_wconf 85' lang='lat' dir='ltr'><strong>Macrobii</strong></span> <span class='ocrx_word' id='word_1_183' title='bbox 900 2344 1013 2403; x_wconf 77' lang='lat' dir='ltr'><strong>autam</strong></span> 
     </span>
    </p>
   </div>
   <div class='ocr_carea' id='block_1_2' title="bbox 10 2440 1013 2531">
    <p class='ocr_par' dir='ltr' id='par_1_3' title="bbox 10 2440 1013 2531">
     <span class='ocr_line' id='line_1_24' title="bbox 10 2440 1013 2531; baseline -0.006 -20"><span class='ocrx_word' id='word_1_184' title='bbox 10 2446 122 2511; x_wconf 77' lang='lat' dir='ltr'><strong>malici</strong></span> <span class='ocrx_word' id='word_1_185' title='bbox 147 2444 327 2511; x_wconf 84' lang='lat' dir='ltr'><strong>auctoritas</strong></span> <span class='ocrx_word' id='word_1_186' title='bbox 350 2443 433 2508; x_wconf 81' lang='lat' dir='ltr'><strong>tanti</strong></span> <span class='ocrx_word' id='word_1_187' title='bbox 456 2462 524 2531; x_wconf 88' lang='lat' dir='ltr'><strong>non</strong></span> <span class='ocrx_word' id='word_1_188' title='bbox 546 2449 608 2521; x_wconf 80' lang='lat' dir='ltr'><strong>est,</strong></span> <span class='ocrx_word' id='word_1_189' title='bbox 622 2448 660 2506; x_wconf 87' lang='lat' dir='ltr'><strong>ut</strong></span> <span class='ocrx_word' id='word_1_190' title='bbox 672 2446 742 2506; x_wconf 87' lang='lat' dir='ltr'><strong>tam</strong></span> <span class='ocrx_word' id='word_1_191' title='bbox 760 2460 879 2525; x_wconf 86' lang='lat' dir='ltr'><strong>parum</strong></span> <span class='ocrx_word' id='word_1_192' title='bbox 891 2440 1013 2524; x_wconf 85' lang='lat' dir='ltr'><strong>proba-</strong></span> 
     </span>
    </p>
   </div>
   <div class='ocr_carea' id='block_1_3' title="bbox 0 0 1338 4686">
    <p class='ocr_par' dir='ltr' id='par_1_4' title="bbox 0 0 1338 4686">
     <span class='ocr_line' id='line_1_25' title="bbox 0 0 1338 4686; baseline 0 0"><span class='ocrx_word' id='word_1_193' title='bbox 0 0 1338 4686; x_wconf 95' lang='lat' dir='ltr'><strong> </strong></span> 
     </span>
    </p>
   </div>
  </div>
 </body>
</html>
