2664 4686
109 282 198 370 4268
529 314 728 367 excursor
751 314 795 364 11.

110 468 198 541 sont,
212 480 289 526 cum
302 460 401 544 polito
419 482 494 526 eum
513 462 561 526 ita
579 462 746 526 declarare
760 461 923 538 videam,
936 463 1043 545 quusi
1059 457 1158 525 eodm
1174 462 1199 525 ir

110 563 176 630 loco
189 584 269 629 mox
283 565 360 635 orbs
374 563 548 628 condenda
561 572 595 627 ct
610 564 743 629 condite
757 563 876 630 inerit:
896 584 977 628 mm
990 565 1074 630 AEn.
1087 566 1201 643 ruffi

109 688 162 752 eq.
208 668 377 733 Helorus:
401 667 506 731 ‘Cum
525 669 585 732 tibi
601 668 730 731 solicito
744 667 917 732 secretiori
933 668 1085 733 fluminis
1097 668 1203 733 unrhn

109 768 266 834 littoreis
280 772 393 852 ingens
418 770 551 833 invento
573 771 636 832 sub
649 769 781 833 ilicibus
804 788 874 847 rus,
889 769 1047 851 'lriginta
1074 772 1204 854 capitu

109 869 211 937 fictos
224 874 337 949 enixe,
348 872 485 957 jacebit,
501 869 601 948 Albo,
617 870 691 936 solo
705 872 878 947 recubans,
893 872 963 934 albi
978 873 1110 936 circum
1120 872 1205 937 uben

108 973 197 1038 nuti:
223 972 255 1036 Ir
266 974 348 1038 Iecur
363 973 449 1036 urbis
461 973 518 1035 erit
532 997 542 1042 ,·
562 973 693 1056 requies
712 992 754 1037 ea
770 979 862 1037 certa
873 973 1030 1037 laborum
1041 971 1062 1039 ε’
1087 983 1122 1037 et
1135 989 1204 1049 vul,

109 1074 240 1141 42-48
253 1079 310 1141 obi
333 1076 502 1142 ornculurn
525 1095 546 1140 a
569 1073 724 1139 'liberino
740 1076 915 1158 repetitur:
940 1070 1098 1137 firtonis
1116 1074 1205 1162 ingen

110 1177 198 1261 -(si
211 1179 324 1257 modo,
339 1177 429 1262 qood
455 1178 580 1253 (iubilo,
595 1196 665 1241 vsu.
675 1176 731 1242 46.
745 1178 799 1242 47.
813 1176 858 1241 48
869 1182 960 1240 recte
974 1177 1026 1240 ibi
1037 1177 1147 1242 locnnr
1158 1178 1204 1241 ln

110 1279 211 1358 bent).
249 1280 414 1345 Memorat
427 1300 504 1362 ergo
518 1279 620 1363 poeta
634 1279 743 1343 locum
763 1278 807 1343 od
827 1278 987 1357 biberim,
1011 1281 1148 1345 ‘secreti
1168 1276 1204 1343 nd
1245 1302 1248 1335 ι

109 1379 253 1446 fluminis
266 1381 408 1459 undam:
429 1388 463 1444 et
487 1379 537 1441 lic
560 1381 675 1443 urbem
701 1379 905 1444 condendam
923 1399 1011 1445 esse.
1059 1378 1155 1463 Atqui
1171 1380 1203 1442 in
1246 1370 1248 1425 i

109 1481 153 1547 iia
167 1483 252 1548 locis
266 1485 344 1547 urbs
355 1484 488 1548 condito
502 1484 545 1549 nb
561 1482 669 1546 AEnea
683 1488 880 1546 memoratur
892 1482 996 1546 nulle.

153 1584 360 1651 Conveniunt
384 1592 494 1651 temen
517 1587 550 1650 in
573 1604 614 1649 eo
642 1585 738 1668 plura
762 1584 897 1666 Virgilii
920 1584 1008 1662 loen,
1034 1585 1147 1649 urban
1167 1584 1204 1647 ab

110 1685 219 1752 AEnea
231 1688 398 1753 conditam
414 1707 499 1765 esse,
515 1708 559 1751 ex
578 1706 646 1771 qno
666 1686 812 1770 reliquus
826 1685 969 1751 satorum
990 1686 1077 1751 ordo
1096 1685 1204 1750 ductu

108 1793 214 1853 erret:
236 1790 322 1853 unde
338 1790 450 1852 stetim
465 1789 542 1852 AEn.
560 1805 585 1866 1,
598 1788 632 1852 9.
676 1786 815 1851 ‘Multa
828 1806 961 1872 quoqne
982 1792 1016 1850 et
1037 1787 1205 1871 bellone*

110 1904 180 1965 sur,
199 1889 277 1953 dnm
299 1890 454 1956 conderet
472 1893 596 1968 urbem,
617 1888 821 1972 Inlerretque
846 1888 938 1951 Deos
965 1886 1090 1953 letio?
1131 1886 1206 1952 Eun

40 2036 47 2047 .
112 1983 284 2054 Lavinium
307 1991 422 2069 luisse,
443 1992 592 2057 dubitare
616 2010 682 2056 non
705 1991 786 2056 sinit
807 1991 882 2074 ipse
904 1989 1007 2074 poeta
1029 1991 1090 2054 lib.
1110 2007 1136 2071 ι,
1150 1992 1208 2059 utu

112 2087 247 2175 Jupiter
270 2092 315 2157 nd
338 2091 524 2157 Venerem:
548 2097 689 2157 ‘cernes
710 2093 825 2158 urbem
847 2098 882 2155 et
905 2093 1074 2175 promissa
1097 2092 1208 2157 lavini

110 2194 258 2259 moenia!
302 2194 370 2259 Hic
400 2196 525 2260 AEneos
553 2195 676 2259 bellum
704 2200 805 2276 geret,
834 2197 1039 2277 ‘moresque
1068 2194 1150 2260 viris
1180 2198 1209 2259 et

109 2297 234 2363 moenia
258 2297 382 2381 ponct,'
403 2304 436 2363 et
458 2299 532 2362 hinc
557 2295 726 2361 Ascanius
746 2301 908 2378 ‘regnum
928 2297 972 2359 ab
994 2296 1077 2360 sede
1098 2295 1208 2362 Inrini

109 2392 296 2462 Transferet
310 2403 341 2462 et
356 2399 503 2481 Longam
516 2399 620 2462 multe
640 2399 674 2461 vi
695 2398 820 2461 muniet
832 2395 977 2460 Albam.¹
1020 2396 1063 2461 In
1078 2418 1121 2463 ea
1133 2398 1206 2464 urbe

111 2494 307 2580 deponenda
327 2506 418 2563 erent
445 2518 542 2563 sacre
566 2519 608 2563 ac
632 2497 796 2562 Penates:
818 2499 876 2564 lib.
892 2512 934 2577 ιι,
955 2497 1033 2564 29⁴.
1056 2499 1134 2565 wo
1156 2516 1207 2575 ιιι,

110 2598 185 2663 lw.
204 2600 280 2664 160.
327 2599 370 2663 Et
383 2599 441 2663 lib.
459 2617 530 2677 ιιιι,
545 2601 621 2665 193.
637 2595 713 2677 194,
729 2602 787 2665 ubi
800 2600 947 2664 AEnens:
970 2604 980 2633 ‘
996 2599 1080 2665 mibi
1094 2601 1209 2667 rnoenin

109 2697 232 2763 Teucri
247 2700 467 2776 Constitucnt‚
482 2700 621 2783 urbique
636 2701 732 2765 dabit
746 2700 889 2766 Lavinio
906 2700 1047 2765 nomen!
1092 2702 1209 2767 Verum

110 2816 153 2863 ee
175 2799 307 2882 longius
331 2799 396 2864 suit
420 2820 442 2864 a
467 2800 582 2865 Tiberi
607 2808 638 2866 et
661 2822 683 2866 a
706 2803 783 2867 loco
811 2803 882 2867 suis
908 2804 1053 2868 inventor
1081 2808 1210 2868 remea

111 2899 216 2965 Dices
237 2901 414 2966 Lavinium
432 2903 538 2966 serius
557 2921 631 2967 csse
653 2905 833 2982 conditum,
847 2910 880 2969 et
900 2901 1000 2966 oliam
1022 2903 1131 2969 urbem
1146 2906 1210 2991 jorn

111 3001 241 3067 amelec
264 3003 368 3068 luisse
392 3005 545 3070 eductam
575 3003 618 3068 od
649 3002 793 3084 Tiberim,
819 3007 862 3070 ad
887 3025 988 3089 quum
1016 3006 1211 3089 spectaverit

110 3106 314 3171 vaticinium·
357 3106 483 3171 Verum
503 3114 581 3190 post
603 3126 776 3170 escensum
796 3108 905 3172 statim
918 3105 963 3169 nd
977 3105 1128 3172 Tiberim
1147 3126 1210 3171 mn·

111 3208 181 3273 nito
194 3208 285 3274 suere
303 3208 414 3271 Castra
429 3209 487 3272 lib.
504 3224 571 3285 vn,
585 3208 650 3272 157
665 3227 741 3292 sqq.
758 3207 800 3271 de
814 3207 936 3291 quibus
949 3227 982 3272 v.
999 3206 1145 3273 Excurs-
1161 3224 1209 3272 ιιι.

111 3308 159 3374 At
172 3311 253 3373 urbs
268 3309 403 3373 condita
415 3309 478 3373 fuit
490 3309 578 3373 haud
594 3310 692 3373 dubie
708 3310 896 3374 Lavinium.

155 3409 294 3474 Scilicet
318 3413 361 3474 ab
383 3430 446 3474 usu
467 3410 623 3493 loquendi
646 3412 735 3476 hund
757 3418 810 3476 est
829 3413 986 3489 alienum,
1004 3421 1044 3475 ut
1066 3409 1118 3475 ln'c
1140 3409 1210 3477 etir

111 3508 224 3587 latius,
241 3511 360 3575 vicinis
381 3512 465 3575 locis
487 3513 747 3595 comprehensu,
771 3513 978 3595 accipiatur:
1000 3513 1094 3596 qnod
1116 3513 1210 3579 multe

111 3613 218 3694 magis
232 3615 518 3678 accommodatum
536 3622 606 3679 eret
629 3617 785 3680 vaticinio
808 3617 947 3679 obscure
964 3633 1019 3677 res
1034 3614 1209 3679 manuue:

113 3711 293 3778 ‘Irlocns
320 3716 409 3779 urbis
431 3717 493 3779 erit
503 3716 522 3796 ;’
544 3737 586 3781 ea
608 3723 705 3795 terra,
730 3720 763 3780 in
790 3736 859 3800 qna
882 3714 983 3798 juxta
1008 3735 1142 3780 amnem
1161 3732 1209 3780 sos

112 3815 245 3881 inventu
264 3816 381 3898 suerin
402 3837 467 3882 non
486 3824 594 3883 cutem
619 3821 762 3902 spatium
784 3818 866 3883 illud
888 3824 996 3895 terrae,
1019 3817 1055 3879 in
1078 3837 1148 3901 quo
1161 3832 1209 3880 sur

108 3915 265 4001 jncebm
296 3923 333 3982 ut
360 3939 421 3983 nec
451 3929 567 4004 tempor
595 3922 774 4003 urgendum
799 3921 909 3985 estin
934 3919 1091 3985 oraculo:
1123 3912 1208 4003 quui

113 4021 226 4085 stetim
240 4027 504 4104 postcscensum
522 4025 645 4088 lactrrm
663 4044 721 4087 sue
743 4030 936 4108 conspecto,
953 4028 988 4087 et
1008 4022 1137 4087 mensis
1150 4037 1208 4083 un·

114 4118 215 4202 boris,
236 4122 309 4203 (lib.
323 4138 380 4204 ur,
394 4123 582 4206 eoo-257)
602 4126 682 4191 urbs
704 4126 876 4193 condenda
894 4123 1005 4191 luerit.
1048 4122 1206 4188 Snbvenr·
