2664 4686
108 317 196 383 4046
497 320 697 388 REGUBS'US
720 322 808 380 xxi.
863 321 869 337 '

109 483 220 551 medlo
234 478 468 554 collocaverat,
486 476 560 559 ipso
578 477 614 539 in·
626 475 696 540 line
708 476 862 562 subjecit.
907 473 969 545 nn
986 474 1090 539 etiem
1104 473 1205 541 hocin
1234 511 1237 519 ·

108 583 251 653 artificio
264 598 457 662 magnorum
472 577 658 661 poiitnrnm,
667 585 712 643 -ut
725 579 760 642 in
773 578 838 643 fine
852 576 1119 661 comparationis
1132 576 1206 662 edji·

109 690 200 754 ciant
215 682 407 768 adjunctum
429 681 484 745 vel
506 680 632 744 sactum
654 679 804 767 aliquod,
827 679 917 765 qnod
930 680 1025 748 illam
1038 680 1206 756 notium,

110 789 154 856 ad
168 776 268 872 quem
290 782 516 849 illustrandam
531 788 604 848 tota
627 785 835 868 comparatio
853 789 924 848 erat
936 781 1103 860 instituta,
1117 781 1208 869 lupri-

107 891 173 955 mis
192 889 303 952 enimc
327 884 492 950 audientis
515 883 633 967 intigit.
692 884 848 950 Feliciter
877 884 961 950 illud
983 882 1151 949 interdum
1172 882 1208 947 al

109 992 249 1057 aliorum
271 1006 372 1053 sensu
396 993 430 1051 et
450 989 607 1072 opinione
630 987 771 1067 (lucini,
791 992 850 1054 eut
873 1007 895 1051 a
917 987 963 1065 vi,
987 1004 1094 1070 quam
1106 1004 1162 1050 res
1173 983 1217 1050 nd·

109 1106 221 1159 eorum
235 1090 367 1154 animos
389 1093 423 1153 et
445 1089 580 1155 allectus
603 1091 716 1155 habet.
759 1090 816 1156 Ita
828 1091 861 1156 h.
873 1091 897 1156 l.
912 1090 1081 1175 praeclara
1095 1087 1208 1153 nime

109 1195 241 1277 species
265 1190 403 1255 mirifice
430 1192 615 1256 declaratur
643 1190 782 1258 latonae
804 1191 921 1257 manis
945 1207 1062 1269 sensu,
1084 1188 1209 1274 quaed

108 1282 281 1359 miratione
296 1292 375 1357 illine
394 1292 508 1357 defixa
519 1292 592 1371 fnit,
606 1293 688 1377 quid
708 1294 752 1357 de
765 1293 906 1358 aliorum
914 1291 1048 1378 judicio
1061 1294 1210 1376 expsen

109 1396 245 1459 bimusl
268 1394 433 1459 ‘Latonae
453 1395 590 1459 tacitum
609 1399 794 1479 pertentent
813 1393 938 1478 gaudia
950 1388 1103 1476 pectns3'
1124 1390 1210 1456 exul·

109 1502 160 1563 tat
171 1499 272 1563 tacito
286 1503 320 1561 et
328 1499 365 1560 iu
379 1498 454 1562 sinu
466 1496 598 1579 gaudet,
609 1495 840 1563 ammadverea
853 1497 917 1561 hac
925 1494 1088 1561 fflimsnte
1102 1492 1210 1559 diviua

108 1599 225 1666 iormae
238 1599 422 1683 majestate.
467 1597 579 1682 Atque
602 1599 667 1663 lroc
683 1597 789 1663 decos
801 1596 965 1682 Virgilium
979 1596 1049 1662 sibi
1062 1592 1212 1665 mvii

109 1720 153 1764 ex
161 1701 232 1778 illo,
248 1700 340 1784 quod
356 1706 477 1764 temere
491 1702 576 1764 inter
593 1707 702 1765 cetera
723 1701 892 1786 abjectum
902 1693 1094 1782 repererat:
1114 1692 1217 1782 ffl-

109 1798 137 1861 δι’
149 1822 182 1862 τε
194 1799 280 1884 φρένα
295 1798 390 1877 Λητώ.
420 1800 531 1867 ‘Confi
557 1803 772 1867 imitationem
791 1799 910 1866 claud.
926 1798 972 1864 R.
986 1797 1029 1864 P.
1048 1812 1091 1878 ιι,
1105 1796 1152 1863 69
1165 1815 1209 1882 sq.

110 1900 152 1966 ln
165 1903 251 1967 illis:
275 1908 285 1937 ‘
301 1903 516 1986 gradiensque
532 1901 624 1968 Deae
648 1904 867 1987 supereminet
887 1899 1025 1978 omnes,'
1037 1900 1136 1964 multi
1149 1916 1211 1964 cer-

109 2009 310 2069 murteum
323 2004 479 2088 Virgilio.
504 2004 659 2070 Statius]
677 2006 772 2091 Sylv.
786 2008 820 2083 2,
836 2005 902 2068 115
924 2008 934 2037 ‘
949 2001 1079 2080 'latias
1092 2002 1211 2078 metire,

111 2105 193 2189 quid
217 2106 304 2169 ultra
338 2105 491 2169 Emineat
515 2111 648 2183 matres,
678 2111 836 2190 quantum
869 2104 1013 2170 latonia
1041 2096 1220 2189 Nympho·

109 2206 215 2290 Virgo
229 2209 359 2290 premit,
374 2211 596 2290 quantumque
619 2214 747 2290 egomet
770 2206 938 2273 Nereidas
960 2203 1064 2270 exto?
1107 2203 1213 2269 lncee

110 2327 186 2372 sum
200 2306 316 2372 AEueoe
330 2302 432 2372 simili
446 2307 546 2371 modo
559 2326 619 2390 per
638 2306 804 2389 Apollinis
825 2310 992 2372 incessum
1013 2302 1212 2370 deoldratm

109 2408 295 2472 ridebimus
309 2407 369 2473 ini.
386 2423 436 2485 ιν,
451 2407 517 2471 142
525 2426 599 2491 sqq.
644 2405 749 2470 Juvat
759 2404 891 2471 tandem
902 2406 1082 2470 observare
1094 2404 1211 2482 etheo,

111 2515 189 2593 post
207 2510 303 2586 alios,
317 2508 382 2571 nisi
397 2507 561 2571 sollimnr:
583 2507 618 2569 in
632 2507 742 2572 forme
758 2507 901 2572 Didonis
917 2506 1142 2573 describenda
1153 2522 1214 2571 rme

110 2610 257 2695 epitheto
272 2607 406 2689 defungi
425 2606 581 2691 po’dtam:
605 2609 852 2693 ‘pulcherrima
872 2608 994 2674 Bidoz'
1014 2613 1086 2673 mm
1098 2626 1213 2693 parum

110 2709 381 2795 poeta-ulteriorc
396 2709 650 2793 pulchritudinis
664 2711 884 2796 descriptione
897 2709 1140 2777 immorandum
1154 2708 1224 2777 sibi·

111 2830 187 2875 esse
200 2811 362 2909 putabet:
392 2830 452 2874 nec
468 2811 568 2874 facile
587 2813 737 2896 corporis
750 2813 890 2878 formosi
904 2812 1055 2897 speeiem
1068 2830 1131 2898 per
1143 2828 1224 2898 pen·

111 2920 162 2977 tes
175 2912 361 2979 describere
374 2912 462 2977 ullos
477 2909 592 2997 poeta,
608 2914 638 2977 si
653 2915 753 2998 sepit,
767 2915 944 2980 laborabit.

507 3249 803 3266 ῄ-ι--α

392 3453 924 3536 EXCURSUSXXI.

367 3717 419 3768 DE
443 3718 609 3773 annullo
633 3720 768 3772 mmm
796 3722 955 3778 NOMINE.

152 3918 179 3979 r,
203 3897 389 3965 ddi—537.
414 3907 447 3965 et
474 3920 530 3981 111,
555 3905 739 3971 loa-166.
771 3906 858 3973 ‘Est
880 3907 988 3985 loeus,
1010 3907 1219 3994 Hesperiam

108 3998 206 4065 Graii
215 4000 414 4083 cognomine
437 4003 725 4070 dicunt-(Enotri
750 4009 881 4074 coluere
904 4010 987 4088 viri3
1009 4029 1101 4077 nuno
1114 4013 1221 4094 buia,

108 4099 249 4166 minores
263 4100 397 4167 Italiam
411 4103 539 4169 dixisse
555 4107 651 4172 ducis
665 4107 709 4172 de
722 4112 855 4176 nomine
868 4109 1021 4193 gentem?
1066 4112 1223 4181 Nomina·
