2692 4974
130 636 226 710 Μ
584 645 790 698 urinarum

277 806 283 817 ¹
414 761 788 872 noxlnuouus
811 797 904 867 xn.
980 800 984 805 ’
1027 781 1030 785 ’

133 944 285 1010 Carmine
299 940 453 1006 bucolico
466 936 569 1020 nitui;
583 902 777 1002 vcultoribus
791 937 862 1024 agri

174 1044 354 1115 Juradedi.
399 1039 750 1107 cecinimtlalaum
763 1040 874 1106 simul.

130 1149 272 1232 Jamque
286 1146 329 1211 ad
342 1146 449 1211 lustra
462 1143 579 1208 decem
592 1141 692 1208 'litun
705 1147 895 1208 aoeesserat
906 1141 1007 1221 ulier,

175 1248 260 1318 ὒιιιιι
272 1249 337 1321 tibi
346 1267 399 1313 me
412 1246 533 1334 rapuit,
549 1242 701 1323 Minoa,
717 1242 941 1329 Quemne.

560 1508 611 1574 X.
658 1507 803 1595 (XVI.)

133 1674 211 1743 Item
217 1673 414 1764 pudorata
423 1620 651 1757 cornotemssto.
659 1672 722 1763 Ep.
738 1681 807 1756 ¹98,
819 1696 854 1740 er
865 1685 1054 1763 argumento
1069 1670 1231 1761 Virgilian·

611 1791 753 1859 distichi:
1062 1787 1066 1793 ’

130 1945 271 2012 Mantua
281 1966 328 2010 mr
339 1946 470 2034 genuit,-
496 1941 632 2010 Colob‘ri
645 1964 791 2031 onpoem
817 1953 900 2008 tenet
916 1965 1000 2009 naor
1012 1940 1227 2028 Parthenope:

450 2059 546 2126 cerini
561 2081 692 2146 pascuo,
703 2062 793 2139 ntro,
808 2058 908 2126 doces.

475 2215 826 2283 ascunrmnms
856 2218 886 2284 ι.
994 2303 997 2308 ,

128 2352 278 2437 Tityron,
302 2372 342 2417 ac
360 2358 488 2437 segetes
513 2352 620 2416 cecini
641 2350 753 2432 Maro,
776 2356 809 2417 et
831 2371 924 2417 arma
944 2352 1131 2436 virumque.

172 2452 313 2520 Mantua
330 2475 384 2519 me
398 2454 520 2539 genuit,
534 2453 742 2539 Parthenope
757 2455 884 2539 sepelit.

483 2615 791 2682 EUSTHENIUS
823 2618 871 2682 11.

126 2752 287 2834 Virgilius
295 2750 389 2836 jacet
402 2751 470 2828 hic,
481 2751 539 2835 qui
551 2769 680 2834 pascua
694 2753 843 2816 versibus
858 2753 940 2833 edit,

92 2925 95 2929 ,
168 2852 310 2918 Etruria
324 2852 444 2943 cultim,
457 2857 491 2917 et
504 2850 646 2936 Phrygis
661 2873 752 2916 arma
767 2855 840 2918 viri.

468 3018 786 3085 rourumuus
816 2995 887 3085 ιιι.

126 3133 194 3214 Qui
209 3134 368 3219 pecudes,
381 3137 438 3218 qui
451 3156 529 3200 rura
542 3139 640 3215 cauit,
657 3141 714 3222 qui
728 3141 846 3223 praelia
858 3143 968 3217 vates,

167 3235 208 3301 In
221 3236 373 3301 Calabris
387 3239 529 3303 moriens
542 3238 607 3303 hac
621 3241 800 3323 requiescit
813 3241 924 3304 humo.

466 3400 790 3469 MAXIMIANUS
814 3403 877 3468 IV.

123 3534 332 3600 Carminibus
346 3536 506 3617 pecudes,
520 3542 554 3600 et
567 3556 634 3614 rus,
648 3545 682 3603 et
695 3539 783 3601 bella
797 3538 947 3603 cauendo

166 3635 298 3700 Nomen
311 3635 526 3702 inextinctum
539 3635 703 3718 Virgilius
716 3639 847 3702 meruit.

538 3803 732 3870 VITALIS
755 3805 801 3871 V.
832 3793 835 3800 ¹

120 3949 263 4015 Mantua
284 3952 331 4014 mi
350 3954 459 4035 patria
480 3962 550 4020 est:
579 3977 696 4022 nomen
720 3959 835 4024 Maro:
859 3959 1022 4038 carmina,
1044 3963 1168 4046 sylvae,

162 4049 320 4135 Ruraque
333 4074 408 4118 cum
423 4057 534 4121 bellis:
556 4057 765 4143 Parthenope
781 4061 934 4124 tumulus.

511 4218 734 4286 BASILIUS
758 4222 824 4288 v1.

116 4341 186 4420 Qui
201 4346 326 4428 sylvas,
341 4355 375 4413 et
389 4370 497 4433 agros,
511 4361 544 4418 et
556 4356 675 4439 proelia
687 4357 837 4422 versibus
852 4366 963 4437 emat,

159 4441 252 4510 Male
266 4449 329 4515 sub
343 4450 407 4518 huc
421 4453 506 4520 situs
520 4463 571 4539 ent
584 4477 663 4524 eece
675 4457 780 4544 po'uta
793 4459 903 4526 Maro.
