2664 4686
333 339 496 390 nxouus.
520 339 813 391 r.unnrun1nos
838 340 912 389 nin.
937 340 1009 390 xri.
1133 327 1221 423 4373

112 487 279 553 barbaros
291 506 351 552 eos
365 486 542 572 Pbrygieae
556 487 691 570 originis
703 486 819 564 inisse,
834 489 911 571 ipso
925 489 1090 570 signorum
1103 489 1220 554 bnbitu

113 594 268 672 apparet.
312 588 426 653 Simile
445 589 623 672 judicium,
647 593 715 666 eut,
729 589 760 654 si
781 590 899 666 mavis,
922 589 1149 671 suspicionem
1170 589 1220 655 fu-

113 706 193 754 nere
206 689 282 754 lieet
296 690 338 753 de
349 691 425 754 Deo
441 691 548 766 Luno,
560 691 618 772 qui
632 689 750 773 etipse
766 689 910 773 Phrygio
924 689 1041 754 babitu
1054 690 1088 752 in
1101 691 1219 768 nemis,

113 795 266 874 gmrmis,
282 794 467 876 sigillisque
481 792 642 871 occurrit3
665 797 702 855 ut
722 792 765 856 ud
789 791 952 875 Phrygius
970 791 1221 874 superstitiones

110 893 189 976 ejus
202 894 309 976 prime
322 896 414 958 notio
427 893 598 958 referenda
611 911 686 956 esse
699 891 860 962 videetm.
905 890 983 958 Fuit
993 891 1096 969 enim,-
1105 892 1221 957 neseio

112 996 298 1078 quomodo,
320 998 463 1060 interior¹
471 997 525 1060 ille
549 994 645 1061 Asiae
659 997 795 1060 minoris
820 1000 944 1064 tractus
963 992 1126 1076 usquead
1152 993 1221 1059 Eu·

112 1095 267 1179 plrrntem
276 1097 452 1162 ioeenndus
466 1099 733 1181 superstitionum
743 1097 918 1178 generibus
929 1097 1032 1162 variis
1045 1096 1136 1160 varie
1146 1115 1221 1180 per·

112 1196 232 1260 mixtis
245 1203 278 1262 et
291 1198 437 1263 eonfusis
450 1219 458 1263 :
481 1199 603 1282 quibus
622 1217 685 1282 pro
698 1198 803 1262 fundo
816 1197 952 1265 suberat
967 1196 1098 1278 frugum
1118 1203 1222 1263 muter

112 1294 220 1361 «Tem
246 1318 323 1363 eum
346 1320 449 1383 puero
474 1299 554 1385 Aty,
577 1300 809 1386 antiquissime
830 1299 958 1381 religio,
992 1316 1051 1383 per
1078 1315 1116 1362 se
1140 1316 1220 1364 sune
1258 1339 1273 1360 .

113 1398 377 1481 simplicissima.
1198 1429 1200 1433 >

115 1554 121 1566 .
159 1499 268 1565 Fuere
282 1508 391 1567 eutem
404 1504 485 1568 olim
499 1508 594 1588 signa
603 1505 750 1590 Phrygio
761 1504 886 1568 amictu
899 1502 997 1567 valde
1013 1501 1221 1584 frequentate

111 1599 308 1679 artificibus,
325 1605 451 1688 quippe
474 1607 551 1690 ipso
565 1607 681 1671 habitu
703 1605 875 1688 peregrino
890 1604 1084 1687 conspicue,
1101 1608 1134 1666 et
1146 1601 1221 1666 reli·

112 1702 271 1785 gionibus
281 1703 435 1789 Phrygiis
451 1707 517 1771 lete
536 1707 776 1772 disseminatis.
821 1705 930 1770 Elium
946 1706 1071 1790 Pelops
1084 1720 1219 1788 expres·

110 1821 172 1868 sire
184 1809 257 1869 eret
267 1805 393 1872 amictu
405 1806 561 1893 Phrygio,
578 1828 634 1894 ap.
651 1809 888 1874 Philostratum
903 1807 1009 1890 lmng.
1026 1824 1051 1887 ι,
1065 1806 1120 1874 30.

534 2089 812 2102 «nm—u-

474 2303 791 2382 EXCURSUS
831 2307 867 2380 1.

327 2517 405 2583 AD
440 2517 730 2583 AENEIDOS
766 2517 879 2582 LIB.
914 2516 1005 2584 XII.

156 2712 278 2764 svm
294 2713 478 2765 TEMPORIS
493 2711 692 2779 spemin
710 2715 814 2767 QUOD
830 2715 901 2765 SEX
918 2713 1179 2769 Posuunloitunt

277 2792 440 2845 ffirtfflms
456 2794 652 2845 LIBRORUM
668 2795 733 2844 Rus
760 2794 881 2845 GFSTAE
899 2795 923 2845 A
940 2794 1059 2848 POETA

527 2873 810 2924 DISPESCUN'I'UR.

113 3037 196 3102 Lm.
220 3040 373 3118 111,113
395 3039 558 3104 ‘Postera
569 3038 815 3103 vix-summos!
859 3038 965 3104 Erunt
975 3041 1068 3118 forte,
1084 3043 1141 3124 qui
1160 3044 1220 3108 vix

113 3138 216 3203 fidem
239 3140 385 3205 habeant
398 3142 479 3205 mihi
502 3140 685 3217 affirmanti,
700 3159 885 3224 paucorum
910 3141 1038 3205 dierum
1060 3148 1138 3207 aeto
1159 3161 1221 3206 sex

114 3241 335 3325 posteriorum
364 3244 517 3308 AEneidis
535 3244 694 3308 librorum
721 3250 947 3325 argumentum
969 3245 1113 3327 explere.
1166 3243 1222 3309 lta

115 3347 227 3407 umen
240 3360 293 3406 res
306 3361 343 3406 se
356 3343 475 3410 hebet:
491 3343 638 3408 nondum
650 3344 764 3426 viginti
778 3343 850 3409 dies
858 3345 965 3408 exiise
979 3344 1090 3409 doceri
1100 3348 1221 3428 potest,

116 3460 192 3507 oum
206 3443 311 3509 Turni
329 3446 424 3510 eaede
442 3446 533 3510 fecte
546 3451 617 3510 totu
634 3446 752 3510 AEneis
766 3447 960 3511 absolvitur.
1004 3446 1075 3510 Sub
1096 3446 1223 3511 ostatis

114 3542 244 3609 extum
259 3544 402 3610 AEneem
416 3546 460 3610 ud
480 3546 615 3611 Italiam
638 3547 779 3612 classem
793 3568 837 3611 ex
851 3553 960 3612 mente
985 3546 1096 3631 potius
1107 3548 1224 3632 appel·

115 3643 183 3710 lere
197 3664 298 3730 supra
311 3646 489 3713 docuimus·
511 3648 596 3714 Ero.
618 3665 647 3712 ιι
664 3656 749 3715 extr.
763 3651 840 3714 libri
863 3666 920 3713 ιιι.
963 3648 1109 3732 Ingressi
1123 3648 1225 3714 Tibe-

115 3746 163 3811 ris
176 3748 263 3811 ostiu
276 3748 416 3833 ‘I'rojeni
434 3751 619 3816 escendunt
634 3758 669 3816 et
682 3753 716 3816 in
729 3752 839 3816 littore
854 3769 987 3816 coenam
999 3752 1136 3834 cupiunt
1161 3748 1221 3816 lib.

116 3862 187 3927 vn,
201 3849 388 3916 107-147,
433 3849 549 3916 Altero
564 3853 618 3917 die
644 3853 819 3938 explorent
841 3860 958 3917 terres.
1002 3852 1102 3916 Missi
1124 3851 1224 3933 legati

118 3949 162 4015 etl
176 3949 333 4015 Iustinum
347 3953 435 4018 fecto
444 3954 567 4019 foedere
580 3963 748 4039 pactoque
763 3954 882 4020 AE'meae
897 3974 973 4019 eum
989 3954 1132 4019 Lavinia
1145 3970 1225 4016 eon·

113 4051 208 4137 jugie
229 4051 369 4118 redeam
389 4057 425 4119 in
439 4062 560 4137 eastre,
578 4076 655 4142 quse
669 4059 796 4123 intereo
808 4057 900 4123 fossa
917 4063 952 4122 et
965 4056 1055 4120 rullo
1065 4054 1225 4121 ‘cinxerat

118 4150 303 4241 lrojmus:
325 4175 357 4220 v.
375 4158 560 4226 ils-285.
604 4159 689 4224 Inde
713 4158 855 4225 Juuonis
876 4157 957 4224 odie
976 4161 1010 4221 et
1031 4148 1223 4224 menese
