2664 4686
111 271 199 338 4298
534 286 730 337 nxcunsus
754 286 788 332 v.
860 324 864 331 .

156 429 211 495 Ex
225 427 343 493 Fauno
355 433 388 493 et
403 427 535 493 Marica
549 428 706 513 Nympha¹
721 424 857 491 Latinus
870 434 969 495 natus
984 437 1051 510 est,
1063 451 1128 516 quo
1140 434 1203 518 rig·l

111 538 209 597 nante
225 531 351 592 AEneas
365 530 407 593 ad
428 531 502 595 haec
516 532 592 595 loca
608 533 707 596 venit.
754 536 764 565 ‘
777 530 880 595 Hunc
896 531 1017 596 Fauno
1031 540 1066 597 et
1078 537 1198 618 nymph

110 634 254 716 genitum
275 629 435 694 Laurente
457 630 587 696 Marica
601 631 819 716 Accipimus?
864 633 946 698 Fuit
960 642 1075 700 autern
1092 633 1198 700 llario

114 734 188 798 Dan
204 731 477 796 Minturnensium
500 733 543 796 ad
559 732 696 796 fluvium
712 734 815 810 Lirin,
832 736 927 819 cujus
948 736 1049 798 lucus
1064 737 1100 799 in
1112 756 1150 800 eo
1161 738 1200 800 lit·

112 839 181 897 tore
190 833 251 896 luit
264 852 329 896 non
341 834 483 914 ignotus,
499 853 559 916 pro
573 834 701 898 Venere
716 836 802 899 male
816 837 905 919 apud
922 825 1202 915 Serviumlrabita;

110 952 185 996 narn
198 955 239 996 ea
255 933 384 998 Murcia
400 941 489 999 erat.
534 934 588 998 An
602 957 623 999 a
636 935 778 1018 Virgilio
800 958 861 1020 pro
888 937 1007 1001 eadem
1023 959 1100 1002 cunr
1124 939 1204 1003 Circa

31 1056 33 1061 ’
111 1034 226 1098 habita
240 1037 348 1112 fucrit,
358 1037 564 1120 disputatum
576 1043 625 1100 est
639 1039 675 1099 in
691 1037 792 1100 Notis
803 1039 845 1102 ad
860 1039 918 1103 lib.
930 1054 1007 1116 xii,
1023 1040 1091 1105 164
1113 1040 1203 1104 ‘Solis

112 1134 189 1200 avi?
233 1135 300 1199 Sed
315 1136 425 1200 Latini
438 1157 540 1219 genus
557 1138 777 1202 diversimode
792 1140 948 1204 traditum
965 1141 1054 1220 fuit;
1068 1162 1137 1207 *nac
1148 1162 1204 1207 mo-

113 1235 158 1300 do
178 1257 238 1319 per
259 1236 399 1302 Graecos
428 1241 620 1322 scriptores,
644 1240 715 1322 jam
739 1240 816 1303 inde
841 1243 884 1304 ab
913 1241 1075 1307 Hesiodo
1095 1244 1205 1325 Theop

111 1337 208 1401 1011.
226 1339 322 1415 1013,
337 1345 370 1401 et
384 1360 405 1403 a
426 1339 615 1422 Telegoniae
631 1346 783 1405 auctore:
807 1341 850 1405 cs.
874 1340 1207 1426 supernatanti

112 1437 144 1502 lr.
158 1440 181 1504 l.
197 1439 258 1501 sub
274 1439 316 1518 f.;
338 1460 451 1502 verum
465 1441 500 1503 in
514 1441 597 1522 ipsis
613 1439 740 1505 Italicis
753 1440 884 1524 mythis.
930 1442 1096 1506 Herculis
1118 1444 1205 1508 filium
1221 1504 1229 1514 ,

112 1559 157 1604 ax
178 1540 396 1625 Hyperborea
407 1542 518 1625 puella
531 1542 621 1605 fuere
635 1543 692 1625 qui
714 1548 891 1618 narrarent,
907 1544 957 1606 uti
975 1544 1206 1608 Pallantemax

112 1639 255 1706 Lavinia
270 1643 416 1707 Evandri
431 1644 500 1707 filia
520 1644 563 1706 ab
578 1642 694 1707 eodem
710 1643 856 1707 Hercule
871 1650 1069 1727 susceptum
1084 1645 1206 1709 fabulati

112 1747 218 1805 erant:
244 1744 380 1827 Dionys.
398 1762 423 1821 1,
438 1745 491 1808 43.
536 1743 606 1807 Alii
618 1764 662 1807 ex
676 1744 746 1806 tilia
761 1743 869 1807 Fauni
882 1750 915 1807 et
940 1745 1097 1810 Hercule
1110 1753 1207 1810 natum
1246 1740 1248 1773 ²

111 1839 279 1918 latinum,
296 1863 350 1925 ap.
365 1842 390 1906 J
393 1845 489 1907 ustin.
508 1844 664 1920 xn111,l.
710 1843 777 1907 Sed
792 1846 926 1908 omnino
949 1847 1067 1910 multis
1082 1846 1148 1911 hoc
1159 1863 1208 1909 no·

111 1960 186 2003 men
216 1943 415 2006 celebratum
437 1943 570 2021 fabulis,
601 1963 687 2026 quas
716 1964 799 2008 nunc
830 1946 1007 2028 disponere
1022 1967 1092 2011 non
1112 1952 1207 2022 vacat,

32 2081 34 2085 >
109 2041 259 2127 adeoque
271 2064 331 2108 nec
355 2044 520 2127 colligere.
565 2045 644 2108 Hoc
659 2066 759 2109 unum
785 2047 1014 2111 monebimus:
1039 2067 1118 2112 essa
1133 2066 1208 2111 nunc

111 2144 186 2228 ejus
199 2165 317 2209 nomen
325 2148 508 2229 proprium,
524 2154 561 2210 ut
575 2146 714 2210 Latium
728 2167 789 2210 rex
803 2145 918 2227 fuerit;
942 2149 1037 2232 quod
1062 2149 1211 2233 apadno

112 2245 265 2310 tustiores
279 2252 407 2312 tantum
421 2247 661 2328 appellativum
679 2246 784 2310 fuisse
798 2247 972 2328 probabile
987 2254 1053 2325 est,
1067 2256 1109 2312 ut
1121 2266 1210 2312 unua

111 2346 257 2428 aliquem
276 2366 321 2409 ex
334 2347 466 2427 regibus
490 2344 692 2420 Latinorum,
708 2346 803 2428 cujus
825 2364 938 2408 verum
954 2365 1078 2410 nomon
1093 2349 1209 2430 ignora·

112 2445 218 2522 batur,
234 2446 428 2527 designaret.
473 2444 575 2527 Apud
591 2444 743 2508 Servium
753 2445 795 2507 ad
809 2445 865 2508 lib.
880 2462 948 2523 vri,
966 2447 1024 2523 47,
1035 2466 1138 2529 quem
1152 2447 1211 2530 ple·

111 2545 237 2610 niorem
250 2548 340 2610 dedit
360 2547 471 2609 Julius
494 2546 650 2621 Sabinus,
674 2545 849 2627 ‘Hyginus
871 2547 918 2609 ait
940 2547 1058 2629 plures
1072 2550 1109 2612 in
1122 2548 1210 2614 Latio

111 2666 204 2729 reges
218 2649 402 2730 appellatos
417 2645 577 2709 Latinos!
620 2645 731 2728 Vulgo
746 2652 854 2710 tamen
863 2656 1036 2711 narrantur
1051 2648 1163 2714 Latini
1175 2647 1210 2712 ab

111 2767 151 2810 eo
175 2766 295 2810 nomen
318 2748 508 2829 accepisse;
530 2747 619 2831 quod
642 2749 702 2812 vix
726 2749 774 2811 ita
796 2767 833 2810 se
855 2747 977 2811 habere
1002 2751 1127 2831 potuit,
1144 2767 1210 2812 cum

111 2847 198 2911 Latii
208 2856 280 2911 'vox
295 2848 458 2930 antiquior
472 2848 549 2930 ipso
568 2867 643 2930 rega
659 2850 765 2926 fuerit,
780 2847 868 2911 unde
882 2848 998 2912 Latini
1013 2849 1108 2913 dicti.
1152 2847 1210 2913 iii·

110 2968 183 3013 rum
196 2953 258 3027 est,
272 2945 362 3033 quod
373 2948 461 3032 apud
476 2947 642 3012 Cononem
655 2947 788 3012 Narrat.
802 2948 824 3011 3
838 2948 992 3025 occurrit,
1007 2950 1069 3013 ubi
1080 2949 1210 3014 Iatinua

111 3052 147 3116 in
177 3050 359 3115 inferiorem
384 3049 528 3127 Italiam,
544 3049 587 3112 ad
613 3055 737 3113 veteres
761 3049 980 3129 Pelasgorum
1005 3049 1050 3112 ab
1073 3048 1209 3117 OEnoor

114 3151 331 3216 adductorum
355 3151 462 3228 sedes,
477 3155 668 3214 revocatur:
691 3148 793 3212 filiam
806 3149 861 3212 ille
876 3167 972 3212 suam
999 3149 1138 3236 Λαυρὶνην
1151 3151 1210 3216 Iro

111 3271 170 3314 cro
201 3249 334 3314 Alcinoi
358 3250 450 3313 fratri
474 3248 606 3313 Italiam
621 3254 804 3313 extremam
829 3248 985 3313 insidenti
1012 3250 1210 3335 despondet3

110 3350 275 3414 occiditur
304 3355 440 3432 uterque
469 3350 513 3412 ab
543 3349 690 3414 Hercule
726 3349 867 3432 hospite.
913 3349 1054 3416 Scilicet
1083 3354 1209 3416 omnino

111 3449 225 3514 Graeci
251 3448 490 3532 mythographi,
520 3453 649 3531 quoties
677 3470 785 3532 regern
816 3450 927 3514 Italici
957 3453 1021 3515 soli
1045 3455 1209 3518 nominare

110 3550 232 3625 volunt,
248 3548 358 3613 Latini
372 3551 501 3612 nomine
517 3555 659 3615 utuntur.
683 3550 750 3614 Pro
765 3549 895 3629 Latino,
911 3551 1069 3636 adquam
1090 3554 1210 3618 AEnea's

109 3652 210 3730 venit,
224 3651 375 3716 Faunum
391 3651 511 3717 Martis
531 3653 554 3716 f.
569 3659 729 3717 memorat
742 3652 888 3736 Appian.
902 3653 985 3727 lib.r
1002 3655 1036 3717 in
1051 3655 1207 3740 Excerpt.

110 3776 154 3822 ex
169 3755 299 3819 Photio.
334 3752 512 3837 Antiquior
526 3754 614 3818 Latii
628 3754 904 3819 rex-Dercennius
919 3755 962 3817 ab
977 3757 1055 3838 ipso
1071 3756 1210 3841 Virgilio

109 3861 384 3923 mmmemoratur
399 3856 456 3919 lib.
468 3872 523 3935 111,
537 3858 611 3922 850.
635 3857 714 3922 Sive
725 3862 834 3921 tamen
848 3856 910 3921 fuit
921 3856 1065 3923 latinus
1078 3860 1210 3943 aliquis,

109 3980 169 4025 seu
198 3977 265 4026 nou
287 3955 359 4035 fuit,
380 3957 610 4040 intelligendus
632 3957 746 4039 utique
769 3962 821 4021 est
847 3977 908 4021 rex
932 3958 1023 4021 urbis
1046 3964 1081 4022 et
1103 3958 1209 4042 exigui

110 4065 235 4127 tractus
251 4061 432 4138 Laurentis,
447 4060 505 4142 qui
517 4065 643 4146 partem
658 4063 784 4123 tautum
798 4059 888 4125 Latii
903 4059 1146 4144 constituebat;
1167 4067 1210 4126 to-
