2664 4686
109 331 114 338 ·
184 313 272 378 4060
544 358 549 369 .
617 326 818 379 excursus
838 327 868 378 r.
892 328 901 357 ··

185 471 353 562 γραφόμενα
384 474 497 556 Τρωϊκὰ
525 460 654 544 cardrici
690 472 828 536 Scilicet
853 473 1017 556 suspicari
1038 474 1131 553 licei,
1155 474 1284 543 vetem

186 578 280 642 illum
293 576 414 639 librum
428 575 593 638 interiisse
608 581 641 638 et
663 575 698 637 in
723 575 797 659 ejus
811 574 924 639 iocum
938 580 1061 639 temere
1085 596 1110 641 a
1129 579 1282 643 nonnullis

187 678 397 742 substitutum
420 674 521 739 fuisse
544 676 684 739 similem
700 676 817 738 libmm
832 676 1101 758 Hegesianactis.
1149 678 1280 745 Fuerunt

187 779 255 844 alia
270 779 385 863 Τρωϊκὰ
400 777 582 841 Metrodori
598 777 685 854 Chii,
709 779 765 860 qui
789 778 1011 861 Hippocratis
1036 781 1202 862 magister
1219 780 1277 858 init,

185 880 319 944 laudata
342 879 433 962 apud
453 876 571 944 Athen.
594 880 652 944 lib.
671 897 707 943 ιν
729 887 881 956 exeunte,
904 899 940 963 p.
955 880 1020 945 184
1035 898 1072 944 s.
1119 881 1277 946 Noumiii

188 987 330 1059 constat,
352 981 396 1044 ad
413 980 501 1062 quod
525 988 656 1064 tempus
670 982 857 1046 referendus
879 983 923 1046 sit
935 982 1134 1047 Theodorus
1150 985 1276 1061 Ilienn's,

187 1084 244 1167 qui
259 1085 286 1143 la
300 1081 328 1159 β’
346 1087 475 1165 Τρωϊκῶν
490 1083 653 1145 excitatur
664 1083 755 1166 apud
769 1082 907 1147 Suidam
920 1084 954 1146 in
970 1082 1163 1162 Παλαίφατος
1176 1087 1276 1164 Ἀβυδη-

187 1182 241 1258 νός.
286 1183 491 1248 Fabulosum
516 1180 634 1270 Syagri
658 1204 777 1248 nomen
800 1204 845 1248 ex
869 1185 993 1248 AEliani
1017 1185 1063 1250 V.
1081 1187 1130 1251 H.
1149 1204 1228 1266 xlv,
1244 1189 1276 1252 n

188 1286 324 1351 laudare
346 1287 392 1348 nil
414 1287 538 1349 attinet.
584 1285 720 1352 Servius
743 1287 769 1347 ἐν
792 1283 878 1370 τρίτῳ
903 1291 958 1348 τῶν
978 1293 1110 1372 recinas
1131 1289 1277 1354 excitatur

189 1389 224 1454 iu
238 1388 349 1452 Schol.
365 1386 452 1451 Vcn.
469 1387 511 1452 Β.
526 1387 570 1451 ad
585 1387 683 1453 lliad.
710 1396 750 1465 Φ,
772 1389 849 1453 242.
892 1387 1019 1453 Verum
1043 1390 1080 1453 hi
1093 1391 1139 1453 ad
1156 1392 1277 1455 seriores

189 1490 356 1572 relegandi
372 1508 446 1553 esse
460 1487 632 1554 videntur:
656 1490 697 1554 de
713 1492 835 1573 quibus
848 1497 969 1574 postea
982 1493 1229 1558 memorabitur.

231 1589 450 1676 Aliquamdiu
464 1611 510 1654 res
529 1574 670 1675 Trry'un'c
686 1591 851 1656 communi
876 1591 987 1674 aliquo
1010 1592 1096 1656 iuter
1118 1594 1277 1677 scriptores

191 1712 351 1758 consensu
366 1699 458 1756 erant
471 1692 610 1769 traditae,
632 1697 729 1775 prout
743 1693 786 1755 ab
806 1691 957 1755 Homero
972 1698 1005 1755 ot
1018 1691 1130 1776 po'etis
1145 1695 1278 1778 cyclicis,

189 1816 226 1859 es
248 1800 400 1880 majorum
414 1794 512 1879 fama
543 1816 584 1861 ac
607 1798 800 1873 narratione,
823 1793 954 1878 antiquo
976 1801 1124 1875 arnone,
1145 1798 1211 1861 boc
1232 1799 1278 1872 m,

190 1897 337 1981 poetico,
359 1898 486 1962 fucrant
508 1900 686 1981 expositae.
732 1898 798 1962 Sed
824 1917 900 1972 cum
925 1896 1074 1981 politices
1097 1899 1281 1963 bonosintcr

192 1998 333 2064 Graecos
348 1998 545 2081 frequentari
564 2001 732 2083 coepisset,
755 2005 929 2083 essentque
950 2001 1105 2083 primum,
1129 2001 1188 2083 qui
1209 1997 1282 2080 aigil

191 2099 283 2165 latim
297 2102 493 2184 particulam
505 2101 653 2185 aliquam
667 2119 710 2162 cx
725 2106 795 2165 toto
809 2103 867 2165 illo
891 2102 985 2186 cyclo
1001 2101 1149 2186 mythico
1164 2101 1282 2183 dacerp

192 2204 414 2267 tamcarmine
429 2207 620 2278 tractarent,
643 2209 794 2266 ornarent
819 2210 852 2267 et
877 2204 1108 2267 delectationis
1124 2218 1228 2266 eausa
1241 2214 1285 2264 rt·

194 2305 328 2381 riarent,
351 2310 420 2367 tum
436 2304 506 2380 alii,
528 2304 679 2387 inprimis
703 2303 810 2385 lyrici,
835 2306 892 2385 qui
907 2305 1129 2367 earminasua
1144 2303 1285 2368 suavibm

191 2405 353 2487 cpisodiis
376 2404 688 2484 distinguerentex
713 2421 753 2464 eo
778 2409 925 2486 tempora
948 2421 1000 2465 res
1016 2401 1184 2484 ,Trojanae
1203 2400 1285 2485 qnasi

192 2507 329 2570 maerin
351 2505 478 2589 po'a'ticc
503 2506 578 2571 loco
593 2524 668 2568 esse
683 2511 864 2586 ooeperunt,
888 2523 956 2586 qua
976 2505 1139 2585 ingeniosi
1152 2505 1287 2570 homiues
1317 2538 1329 2584 χ

193 2608 228 2671 in
242 2627 480 2690 quamcumque
504 2606 642 2669 formam
664 2605 861 2687 diffingenda
884 2609 1059 2681 uterentur,
1082 2612 1250 2689 unumque
1261 2601 1288 2668 id
1327 2620 1329 2625 ·

193 2708 400 2790 propositum
414 2707 582 2783 haberent,
605 2711 643 2769 ut
664 2725 741 2770 cum
765 2706 997 2789 probabilitate
1021 2705 1138 2788 aliqua
1158 2705 1290 2773 delecta·

196 2813 278 2871 rent.

238 2906 294 2973 Ab
309 2908 456 2974 historiae
471 2908 537 2975 fide
559 2911 663 2975 multo
685 2913 793 2994 magis
807 2930 973 2976 recessum
994 2915 1054 2989 est,
1078 2930 1157 2975 eum
1173 2905 1293 2998 Tragici

195 3008 306 3096 pottae
321 3009 505 3075 fabularum
520 3031 651 3076 suarum
666 3010 804 3086 ὑποθέσεις
817 3018 850 3077 et
864 3024 1057 3096 argumenta
1074 3033 1119 3077 ex
1134 3013 1232 3097 cyclo
1245 3013 1295 3078 illo

194 3118 352 3197 peterent,
376 3117 410 3177 et
432 3132 494 3196 pro
517 3115 657 3179 consilio
682 3134 744 3179 suo
767 3116 1004 3198 tragoediaeque
1023 3121 1144 3179 natura
1156 3117 1296 3180 varices

196 3218 383 3292 tractarent,
406 3220 569 3293 ornarent,
591 3216 798 3295 inflecterent,
819 3236 915 3280 nova·
931 3216 1129 3300 effingerent,
1155 3222 1189 3281 et
1214 3233 1298 3301 saepe

196 3315 231 3378 in
245 3315 488 3380 diversissimas
503 3322 613 3399 partes
627 3319 798 3383 mahomat.
844 3319 931 3398 Quae
946 3319 1082 3401 quidem
1091 3339 1146 3383 res
1161 3340 1238 3385 curm
1251 3315 1296 3384 vel

197 3433 243 3479 ex
258 3415 425 3498 Sophocle
443 3423 477 3480 et
498 3418 602 3482 multo
615 3420 721 3500 magis
740 3440 783 3484 ex
798 3420 956 3503 Euripide
970 3420 1145 3485 notissima
1158 3423 1215 3499 sit,
1236 3419 1299 3487 hue·

198 3533 269 3580 rere
284 3516 318 3578 iu
332 3517 390 3581 illa
402 3519 565 3583 nolumus.

239 3614 262 3679 J
265 3636 318 3680 am
332 3617 498 3682 historicis
507 3627 540 3684 et
549 3622 682 3702 tragicis
697 3622 859 3685 successit
871 3641 995 3685 novum
1005 3621 1177 3685 hominum
1190 3642 1298 3706 genus,

199 3716 290 3800 quod
308 3719 420 3782 omnia
434 3722 568 3785 miscuit
590 3741 632 3786 ac
657 3724 812 3800 turbavit,
837 3720 1023 3806 interpretes
1042 3723 1209 3807 po'e'torom
1231 3724 1300 3789 dieo

198 3824 231 3884 et
260 3815 502 3898 Grammaticos,
535 3823 680 3887 maxime
704 3825 746 3887 ab
773 3823 1032 3899 Ptolemaeorum
1054 3823 1131 3888 iude
1158 3823 1301 3904 saeculo,¹

697 4018 805 4070 NOTA.

231 4170 240 4197 ¹
260 4169 300 4222 Cf.
320 4169 422 4221 Prolus.
439 4167 472 4220 de
489 4149 577 4220 tacut
590 4169 792 4227 Ptolemaeorum
804 4173 881 4239 genio
892 4173 918 4225 lu
926 4173 1025 4240 opusc.
1034 4173 1065 4225 Τ.
1077 4188 1098 4240 r,
1106 4177 1136 4242 p.
1147 4180 1190 4230 st.
1199 4181 1243 4232 98.
1254 4182 1306 4231 lut.
