2692 4974
111 624 219 695 trdu-
453 636 648 690 aecensus
673 630 892 690 somruaou

156 785 305 851 maurim
315 780 403 845 etiam
417 796 516 843 xnrv.
531 783 586 842 alia
601 778 673 844 hisi.
687 790 841 854 mearam.
851 768 1219 863 etpraiefpietsn'sbile
1262 770 1267 807 ¹

139 892 276 949 suum
294 879 383 940 'etiam
396 878 543 939 literarum
558 879 745 939 characteres
769 877 800 937 iu
825 876 861 937 iis
883 877 1044 939 adhibitos
1063 883 1220 962 ereans

155 976 278 1038 tuendos
293 974 416 1033 curavit.
436 1023 439 1027 .
457 974 492 1032 ln
506 972 565 1034 line
578 976 676 1053 operis
690 990 750 1034 uon
763 973 857 1033 solum
871 982 954 1033 notro
966 984 1000 1034 et
1009 974 1221 1039 emndslioues

156 1074 185 1133 in
199 1072 455 1151 orthographicum
478 1071 619 1131 rationem
632 1071 764 1132 ¹Codicis
778 1071 868 1146 hujus
891 1071 1035 1131 Vaticani
1046 1073 1222 1149 exhibeatur

156 1169 208 1230 sed
228 1181 257 1229 et
281 1168 452 1228 collationes
474 1168 593 1228 Codicis
608 1168 726 1229 alterius
738 1167 873 1227 Vaticani
886 1186 917 1226 a.
933 1166 1029 1238 3867.
1079 1162 1219 1242 Bacadrs,

136 1256 142 1321 Ῐ
156 1265 305 1342 Georgica
325 1277 355 1325 et
369 1264 519 1324 AEueidem
541 1261 716 1337 euhibentis,¹
738 1283 811 1324 oum
834 1263 968 1324 editione
991 1266 1221 1326 Emmeaessims

139 1403 143 1411 -
160 1360 249 1425 16⁸0.
262 1382 299 1420 ex
313 1360 393 1420 offic.
407 1359 571 1420 Hsckiana.

118 1488 159 1503 -
171 1457 205 1518 P.
220 1456 331 1532 Virgilii
345 1457 420 1515 Mar.
435 1455 538 1515 Codex
550 1455 781 1534 antiquissimus,
794 1472 813 1515 a
826 1452 917 1517 Rufio
926 1456 1049 1517 Tuccio
1064 1453 1220 1536 Aproniano

158 1570 193 1615 v.
206 1571 236 1615 c.
251 1553 408 1612 distinctus
422 1560 452 1610 et
465 1551 650 1624 emendatus,
670 1552 721 1630 qui
737 1570 815 1611 nurnc
828 1551 986 1612 Florentiae
1000 1552 1032 1611 in
1050 1552 1221 1614 bibliotheca

140 1702 144 1709 .
157 1648 507 1710 Mediceo-Lanrentiana
520 1649 702 1719 adservatur,
724 1649 806 1708 bono
817 1647 1041 1728 publicotypis
1054 1648 1222 1729 descripta.

157 1745 344 1816 aloarius,
365 1745 443 1824 typis
467 1744 644 1804 Manniaois.
669 1753 699 1805 4.
750 1742 990 1804 Praestantissimi
1013 1743 1107 1822 hujus
1131 1760 1223 1805 nonu

159 1842 249 1901 ruenti
273 1841 402 1902 editione
426 1841 466 1899 nil
490 1848 544 1910 est,
572 1839 684 1917 Virgilii
710 1838 866 1898 lectionem
892 1838 977 1916 qnod
1006 1840 1104 1920 magis
1127 1838 1221 1901 firmet.

158 1937 215 1998 Est
226 1938 302 1998 enim
315 1939 426 2016 integer
440 1935 545 2007 codex,
565 1954 622 1996 nec
637 1936 691 1996 nisi
711 1931 761 1994 sb'
775 1935 857 1994 initio
879 1933 919 1993 ad
944 1935 1094 2014 Eaelogm
1108 1944 1221 2009 mu,

160 2033 334 2095 ‘Proetides
347 2033 527 2112 implerunt,’
548 2040 709 2092 huncatus.
760 2030 980 2104 Prrefationem,
1007 2032 1063 2093 cni
1082 2031 1222 2111 prmissa

159 2137 205 2188 est
217 2129 327 2206 Virgilii
343 2131 438 2207 imago
462 2148 479 2188 a
503 2130 534 2188 S.
551 2127 661 2189 Bartoli
680 2127 832 2206 designata
854 2148 923 2189 cum
949 2128 1018 2189 aliis
1043 2124 1222 2195 “mibi

159 2223 277 2302 scripsit
286 2223 422 2284 editionis
436 2231 553 2284 curator
566 2224 669 2283 Petrus
684 2225 788 2285 Frsnc.
804 2225 935 2302 Foggini,
957 2226 1091 2303 primum
1112 2225 1151 2287 de
1170 2242 1223 2285 rae·

158 2317 281 2379 iioribus
295 2318 406 2397 Virgilii
421 2319 604 2378 curatoribus
615 2318 719 2388 Pierio,
732 2320 879 2391 Gabiano,
895 2321 1044 2391 Fabricio,
1055 2321 1223 2388 Pulmsouo,

159 2413 227 2474 Nic.
240 2414 371 2485 Heinsio,
397 2414 596 2473 Emmenessio
618 2422 648 2472 et
672 2415 825 2483 Massicio,
848 2425 910 2474 tum
933 2416 973 2475 de
996 2417 1222 2497 onucgnpracs

159 2510 280 2571 Codicis
308 2510 436 2570 Medicei
458 2510 569 2569 ratione
593 2529 690 2588 agens.
733 2512 778 2570 De
802 2511 869 2588 ipso
883 2511 999 2572 Codice
1019 2513 1159 2590 pluribus
1170 2513 1224 2592 sp't

161 2605 297 2685 Heynius
312 2609 342 2666 in
353 2608 484 2667 Elencbo
500 2606 575 2667 eod.
589 2606 702 2684 Virgilii
716 2625 785 2684 pag.
800 2622 956 2667 cxxxiii.
972 2627 1062 2686 seqq.

121 2734 160 2745 -
173 2702 206 2763 Ρ.
221 2702 333 2779 Virgilii
349 2704 425 2762 Mar.
440 2703 551 2779 Opera,
573 2701 813 2779 interpretatione
825 2720 862 2762 ac
876 2703 953 2763 notis
974 2703 1122 2765 illustrata
1141 2723 1224 2784 opere

159 2807 190 2857 et
203 2798 303 2859 studio
317 2798 376 2857 Th.
390 2797 503 2858 Cooke.
545 2796 680 2868 londini,
702 2797 838 2875 impensis
851 2800 918 2859 Juc.
934 2798 1070 2879 Hodges.
1087 2809 1117 2862 8.
1148 2799 1223 2863 Ruti

159 2912 279 2972 operam
300 2893 511 2954 emendandam
537 2894 596 2953 sibi
618 2893 720 2953 sumsit
737 2893 842 2954 editor.
885 2895 921 2953 ln
942 2912 1053 2974 magna
1071 2898 1223 2976 aquilium

159 2989 371 3051 existimatione
383 2989 459 3048 liber
471 2990 599 3049 habitus.

121 3116 160 3128 -
175 3084 287 3160 Opera.
316 3083 347 3142 in
376 3102 461 3143 usum
479 3085 645 3162 juventutis
673 3085 767 3146 edidit
792 3088 841 3148 Jo.
866 3088 995 3169 Stirling.
1037 3088 1175 3149 londini.
1198 3096 1222 3149 8.

162 3176 265 3240 arou.

121 3307 161 3321 -
174 3273 208 3337 1².
222 3273 335 3353 Virgilii
358 3276 435 3336 Mar.
450 3277 665 3355 Georgicorum
688 3278 753 3339 libri
777 3286 912 3358 quatuor.
954 3280 1023 3340 'l'he
1039 3281 1184 3360 Georgica
1195 3278 1226 3339 ol

160 3371 263 3450 VirgiI,
283 3371 352 3432 with
366 3390 403 3431 an
416 3373 537 3451 English
551 3373 737 3433 Tmnslstion
752 3374 811 3434 and
827 3377 932 3447 Notas,
946 3376 987 3454 by
999 3376 1082 3436 Jobu
1097 3378 1222 3456 simp,

161 3468 243 3531 Pros.
254 3468 290 3529 os
301 3471 416 3547 Rotany
424 3469 453 3528 in
468 3471 518 3528 the
531 3471 696 3550 University
708 3471 745 3530 oi
754 3471 942 3547 Cambridge.
956 3472 1103 3545 ¹London,
1114 3469 1222 3552 printed

161 3564 209 3624 lor
222 3566 273 3625 the
288 3565 392 3623 Editor
406 3564 446 3642 by
460 3565 498 3626 R.
520 3565 615 3643 Reily.
629 3575 659 3624 t.
674 3585 741 3625 cum
757 3582 839 3627 1111.
860 3565 930 3645 ligg.
953 3567 983 3625 iu
1006 3587 1048 3628 res
1070 3567 1178 3640 incisis,
1197 3573 1223 3626 el

163 3661 247 3720 variis
260 3661 406 3720 coloribus
421 3661 539 3720 ornatis.
582 3661 740 3739 Splendida
753 3662 856 3734 editio,
871 3662 909 3721 ad
925 3682 1016 3741 quam
1027 3662 1222 3724 instruendum

163 3771 226 3816 vn.
254 3756 401 3815 Codicum
427 3756 581 3816 uarietates
603 3758 717 3828 babuit,
739 3777 811 3835 quas
829 3778 865 3818 ex
887 3778 923 3818 ea
944 3771 1083 3820 recenset
1102 3761 1223 3840 Heynius

161 3850 191 3909 iu
206 3852 340 3913 Elencbo
354 3853 450 3912 Codd.
466 3873 534 3932 pag.
549 3870 683 3915 cxnvu.
699 3856 750 3932 qui
765 3855 807 3915 sic
821 3854 858 3915 de
869 3855 984 3916 editore
993 3857 1131 3933 judicat:
1150 3853 1222 3916 ‘sed

161 3945 225 4006 uiro
246 3947 429 4021 doctissimo,
449 3951 536 4026 cujus
557 3951 667 4028 alioqui
693 3952 829 4012 laudibus
850 3952 920 4011 nihil
943 3953 1115 4013 detractum
1135 3952 1223 4021 selim,

161 4065 285 4108 acumen
308 4047 367 4107 fere
389 4048 536 4120 criticum,
558 4048 737 4128 omninoque
759 4050 816 4108 hoc
842 4049 1035 4108 accuratioris
1061 4047 1223 4110 eruditioni

162 4162 255 4222 geuus
268 4142 380 4214 deluit3
402 4146 502 4221 itaque
527 4164 582 4203 nec
604 4145 675 4204 satis
689 4156 859 4205 accuratam
875 4146 905 4203 in
918 4145 954 4203 iis
977 4146 1061 4205 libris
1072 4162 1223 4225 excerpen-

162 4238 220 4311 dis,
242 4258 338 4316 neque
362 4240 391 4298 iu
415 4237 544 4314 antiquis
557 4239 746 4313 editionibus,
768 4240 964 4319 quasplures,
986 4240 1153 4303 admodum
1166 4259 1225 4303 reru

160 4334 274 4408 obvias,
295 4333 374 4414 apud
388 4354 420 4393 se
434 4334 548 4406 habuit,
568 4335 750 4396 excutiendis
763 4356 884 4416 operam
898 4337 1012 4398 locasse
1025 4339 1152 4400 videtur.
1185 4338 1225 4396 its

163 4448 219 4491 uec
232 4431 325 4494 minus
336 4431 367 4492 in
386 4432 473 4504 uotis,
493 4431 569 4495 inter
581 4434 721 4514 plurimas
734 4435 865 4514 egregias
880 4436 1116 4514 observationes,
1139 4437 1225 4500 mults
