2664 4686
357 372 362 383 -
445 349 496 396 an
521 346 691 434 mnnrnos
718 347 790 397 urs.
808 348 857 394 vr.
1115 334 1203 399 ⁴24⁷

90 496 182 571 runt,
198 510 305 578 usquo
329 491 374 557 ad
393 491 560 557 loannem
575 493 735 576 quintum,
751 492 906 576 subjecto
928 491 1048 575 cuique
1059 494 1157 558 titulo
1170 498 1204 557 et

90 595 257 671 carmine,
280 599 350 658 tum
365 594 503 657 aliamm
530 599 710 657 statuarum
732 612 873 675 magnus
892 612 1056 670 nnmems,
1080 595 1202 661 tabule

91 695 198 781 pictae
225 694 361 777 aliaque
387 695 504 771 multa,
535 695 659 776 quibus
683 712 798 778 regum
831 695 1066 759 Lusitanorum
1094 694 1204 761 futuru

91 797 243 873 soboles,
273 797 337 860 viri
364 796 523 873 illustres,
551 802 585 859 et
610 788 703 861 iocis
729 797 892 879 praeclara
919 800 1204 879 r'epraesentantur.

91 896 168 963 Sub
188 916 359 979 effessum
382 916 426 960 ox
453 898 612 980 spelunca
633 899 668 961 in
692 897 857 981 Sibyllam
881 897 998 960 incidit
1024 897 1202 977 Henrr'cus,

92 1016 185 1083 qnia,
206 998 265 1062 nbi
289 1017 404 1081 preces
418 1017 493 1061 eum
515 998 624 1062 iacere
646 997 759 1081 jussit,
784 997 908 1081 tripodi
930 1016 1030 1063 nureo
1044 999 1203 1079 insidens,

91 1100 202 1164 tribus
224 1099 458 1176 voluminibus,
474 1118 552 1185 quae
577 1101 705 1164 scilicet
718 1120 761 1163 ex
774 1118 892 1164 novem
916 1099 1098 1182 Tarquinio
1122 1084 1203 1167 olim

95 1200 218 1265 obhtis
232 1208 437 1284 supererant,
451 1203 633 1285 explicitis,
647 1204 785 1286 lyraqnc
799 1202 990 1283 triangulari
1007 1208 1106 1280 tacta,
1121 1211 1203 1268 suos

96 1318 199 1365 ωω
208 1306 332 1378 narrat,
346 1307 416 1364 turn
430 1321 483 1365 ros
494 1303 633 1386 exponit
647 1303 803 1387 deinceps
815 1322 836 1366 n
847 1303 1018 1367 Lusitanis
1031 1304 1203 1386 gerendas,

92 1400 228 1466 Indiam
240 1401 393 1485 inprimis
408 1405 796 1487 utramqucnavigatione
811 1403 1086 1488 patefaciendam.
1130 1405 1202 1470 Sub

92 1500 283 1569 mmmm
305 1504 370 1567 tria
391 1503 512 1567 talenta
531 1523 554 1568 a
575 1503 756 1587 Tarquinio
778 1506 860 1568 olim
879 1524 939 1588 pro
952 1505 1048 1567 libris
1062 1512 1203 1589 accepta

93 1603 248 1669 Hemico
268 1605 304 1667 in
318 1623 437 1669 munus
452 1605 562 1681 tradit,
584 1612 621 1670 ut
643 1605 719 1669 inde
733 1607 776 1672 B.
791 1606 921 1689 Virgini
941 1626 1070 1671 sacram
1095 1607 1201 1671 oedom

91 1710 254 1770 mmet.

135 1804 215 1870 Nec
229 1805 338 1869 minus
361 1805 480 1869 mirum
493 1811 530 1870 ot
549 1824 572 1871 a
585 1808 685 1873 solita
700 1828 809 1873 rorum
830 1814 948 1873 natura
968 1800 1129 1874 recedens
1150 1816 1203 1874 est

92 1902 250 1970 &motai
273 1909 451 1972 inventum.
509 1908 602 1974 Nam
623 1909 740 1976 Vasco
766 1911 812 1976 da
835 1911 947 1977 Gnma
968 1909 1085 1995 (Cant.
1112 1910 1159 1994 x)
1180 1930 1203 1975 a

92 2006 234 2073 'lltetide
258 2008 294 2071 in
317 2010 421 2073 altum
442 2016 585 2075 montem
611 2017 748 2079 evectus
766 2014 883 2077 omnia
910 2018 1066 2077 terrarum
1089 2022 1201 2094 'regna

92 2108 242 2195 inprimis
257 2109 376 2187 Indiae,
392 2113 426 2175 in
440 2113 540 2193 globo
554 2114 723 2199 descripta
736 2116 908 2200 prospicit,
922 2118 956 2178 et
972 2113 1203 2177 meinamma

92 2210 160 2275 lata
173 2226 197 2275 a
211 2209 288 2274 Dea
298 2212 441 2274 monitus
456 2212 609 2280 addiscit.
654 2215 749 2279 idam
761 2215 866 2299 poulo
879 2219 957 2279 anta
970 2212 1086 2298 (Cant.
1104 2216 1142 2289 v)
1155 2228 1201 2274 ox

92 2309 323 2386 Adamastore,
350 2311 449 2392 genio
483 2312 750 2379 Promontorium
781 2314 889 2380 Bonae
916 2314 999 2399 Spei
1027 2312 1201 2379 obsidontc

92 2412 297 2477 nummus
319 2412 539 2494 navigationis
564 2413 726 2492 audiant,
749 2421 785 2479 et
806 2414 916 2479 Contu
945 2428 972 2478 it
1000 2413 1045 2479 ad
1067 2412 1202 2495 Virgilii

92 2513 280 2596 exemplum
302 2512 380 2576 AEn.
406 2529 431 2590 r,
454 2513 519 2578 227
542 2532 635 2598 seqq.
678 2515 808 2599 Jupiter
821 2514 944 2580 Veneri
968 2514 1201 2580 lusitanorum

92 2628 141 2679 res
154 2613 319 2679 secundas
331 2614 546 2696 praedixerat.

131 2714 235 2793 Quod
250 2716 357 2798 primo
380 2716 455 2782 loco
480 2737 500 2779 e
521 2715 700 2782 Camoiisio
715 2720 858 2795 numeri,
879 2714 1097 2782 commentum
1107 2728 1200 2783 oom-

92 2817 199 2901 parnri
221 2816 459 2899 aliquo-modo
472 2823 582 2900 potest
604 2836 681 2882 cum
701 2818 835 2883 Miltoni
848 2818 1024 2882 notissimo
1048 2818 1200 2900 episodio

93 2918 160 2993 [lib.
176 2914 249 2999 xl),
264 2917 325 2980 etri
344 2915 409 2980 boc
423 2917 467 2980 ad
493 2919 749 3000 probabiliorem
761 2921 925 2983 rationem
948 2923 1201 3001 attemperatum

93 3026 148 3085 st.
194 3018 366 3082 Deductus
379 3019 415 3080 in
431 3019 553 3082 clivum
578 3038 600 3081 a
623 3019 792 3083 Michaiilo
808 3016 961 3082 Adamus
983 3014 1200 3103 prospectum

93 3122 188 3187 hbet
208 3120 300 3184 orbis
325 3125 482 3183 terrarum
505 3128 538 3182 et
556 3139 578 3183 a
599 3121 721 3184 comite
734 3138 841 3183 rerum
856 3119 1041 3184 sumturum
1064 3123 1201 3205 exposi-

93 3222 208 3287 Μ
223 3223 332 3286 discit
376 3220 541 3302 vestigiis
556 3221 630 3304 ejus
645 3222 727 3286 satis
747 3222 948 3307 obsequiosa
970 3222 1090 3288 institit
1106 3222 1200 3290 Noa·

93 3323 196 3389 &fis
211 3330 338 3388 motor.

127 3422 165 3489 A
178 3425 318 3506 magicis
340 3424 522 3508 praestigiis
536 3431 570 3489 et
584 3425 832 3490 incantamentis
852 3425 991 3490 retraxit
1002 3430 1038 3488 et
1052 3421 1097 3487 ad
1110 3427 1200 3487 vete-

93 3544 157 3592 rum
171 3526 314 3607 vestigia
336 3525 475 3608 legenda
498 3527 667 3592 revocavit
681 3528 767 3590 alios
786 3528 865 3611 ipsa
878 3525 1071 3608 argumenti,
1085 3525 1121 3588 in
1132 3536 1201 3608 quo

93 3627 318 3703 marmur,
334 3626 495 3691 interdum
512 3635 696 3710 temporum
718 3633 896 3711 quoquest
910 3628 1092 3705 bominum,
1117 3629 1201 3692 litlot

93 3742 171 3813 {uu
190 3728 361 3807 vivebant,
384 3735 513 3793 amma.
558 3728 609 3792 fii
623 3729 690 3794 scre
714 3730 758 3793 ad
783 3727 851 3792 oisc
873 3746 914 3793 ae
935 3727 1053 3792 somnio
1069 3728 1200 3812 dolapsi

93 3835 172 3910 Η,
188 3830 311 3914 quibus
322 3830 452 3896 futuros
475 3849 577 3894 casus
601 3831 783 3914 praedictos
803 3831 1007 3908 exhiberent,
1021 3837 1079 3895 aut
1095 3825 1200 3891 Pulu-

93 3934 165 4000 un
180 3930 332 3998 Fatorum
347 3933 523 3998 commenti
538 3938 625 4011 sunt,
640 3946 711 3998 rem
733 3933 777 3997 ad
799 3932 1027 3999 exornandum
1041 3932 1124 3996 satis
1137 3932 1201 3996 ub

93 4036 187 4103 un.
232 4035 326 4100 lutra
349 4033 440 4100 idom
463 4045 637 4100 commum
657 4033 835 4100 multorum
857 4035 1027 4100 iuvenum
1050 4032 1201 4098 mustiot

94 4143 203 4205 lum
217 4136 432 4211 Hennam.
455 4135 547 4203 Num
563 4143 678 4205 eurota
692 4157 715 4204 a
728 4135 765 4203 S.
780 4134 954 4203 ludovico
974 4139 1085 4200 monta
1105 4135 1201 4200 Hur-

1298 4156 1320 4271 't‘
