2664 4686
108 277 199 342 tou
534 287 739 339 nxcunsus
761 287 807 349 1.,
833 332 836 337 .

112 440 236 505 AElian.
251 438 296 502 V.
313 438 360 502 H.
378 453 459 514 xrv,
474 436 540 501 21:
563 436 605 500 de
618 438 756 521 reliquis
774 440 908 524 Τροοΐοιοῖοο
917 442 1223 531 unctoribnssnpn

111 540 312 605 dictumest.
642 588 647 597 .
742 578 746 583 -
1125 598 1130 605 .

125 689 133 703 .
154 639 259 704 Fuere
283 648 317 705 et
338 639 526 722 Trogoediae
551 639 665 723 Trojae
680 639 851 705 excidium
870 640 976 709 titulo
996 644 1221 727 pratum:

111 742 158 804 uti
175 741 347 825 Iophontis
367 741 455 805 Ἰλίου
473 739 569 826 ripen
593 741 684 824 apud
699 741 795 806 Suid.
808 742 842 807 n.
852 763 892 808 u.
907 762 958 809 ex
969 746 1221 825 certa-vitum

112 840 283 908 doctorum
297 843 535 919 emendatione,
547 846 580 905 et
593 841 772 924 Sophoclis
785 840 874 905 ’iutro
888 838 1011 921 οἷλισοι
1025 866 1133 931 quarn
1142 848 1221 933 opud

113 943 223 1009 Strab.
249 962 336 1024 xrn,
361 966 396 1027 p.
420 944 496 1009 608.
520 942 773 1026 deprehendisse
793 946 860 1009 sibi
884 946 954 1011 visi
970 953 1069 1013 sunt.
1115 946 1219 1033 Neque

112 1041 311 1109 Nicomachi
336 1042 442 1132 Πέςοις
462 1043 477 1120 ἢ
502 1040 642 1119 Πολυξένη
666 1046 734 1107 olio
752 1046 915 1110 trahenda
928 1066 1010 1112 esse
1026 1049 1168 1125 videtur,
1186 1056 1220 1115 td

111 1163 170 1207 nec
195 1146 369 1212 Phormios
391 1145 477 1209 Ἰλίου
503 1145 650 1227 πόρθησος;
674 1152 708 1209 at
721 1138 891 1211 Timothei
909 1144 1063 1233 otperto&
1084 1148 1216 1223 Ναῦτλικ

111 1242 173 1327 leg.
188 1246 356 1331 nuperi-vel
367 1246 473 1331 οοροά.
513 1246 566 1310 De
581 1246 772 1329 Sophocleo
785 1253 897 1311 tamen
911 1248 1035 1314 subula
1048 1250 1215 1316 admodum

111 1341 322 1410 dubitandum
336 1367 410 1411 esse
423 1354 587 1429 putamus,
614 1365 657 1410 an
678 1346 747 1419 ulla
767 1349 926 1413 extiterit.
974 1350 1072 1415 Nam
1086 1352 1214 1435 primurn

111 1449 200 1509 totus
228 1445 283 1509 ille
312 1446 485 1512 Strabonis
509 1448 624 1511 locus:
659 1450 806 1527 Σοφοκλῆς
829 1453 898 1531 γοῦν
923 1450 951 1511 ἐν
977 1450 1151 1537 victurino
1173 1456 1214 1513 roi

113 1543 199 1609 Ἰλίου
223 1545 387 1633 παρδαλέαν
414 1550 483 1625 φησὶ
507 1548 559 1633 πρὸ
575 1552 623 1622 τῆς
637 1547 718 1635 θύρας
733 1554 781 1610 τοῦ
797 1549 958 1634 Ἀντήνορος
971 1552 1137 1641 προτεθῆναι
1150 1552 1213 1634 σύμ·

112 1648 198 1725 βολον
221 1656 269 1713 τοῦ
296 1650 576 1735 ἀπόρθητον,ἐοοθῆοοοο
592 1653 639 1724 τὴν
655 1650 755 1730 οὶκίαν,
777 1658 866 1717 totus
879 1654 985 1735 igitur
999 1655 1059 1719 ille
1072 1655 1211 1721 locussttb

111 1750 218 1814 aliena
231 1772 342 1830 manu,
356 1754 493 1834 margini
508 1754 592 1818 forte
607 1754 790 1836 appositus
816 1755 851 1816 in
875 1760 1076 1821 contextum
1096 1759 1210 1821 venisse

111 1849 258 1931 videtor3
280 1873 357 1923 num
383 1855 546 1918 Demetrii
576 1854 708 1936 Scepsii
737 1856 961 1919 narrationem
990 1857 1211 1941 intempestive

112 1952 193 2015 satis
218 1954 432 2038 interrumpit,
457 1975 518 2018 nec
546 1975 620 2019 cum
646 1958 763 2019 ceteris
788 1956 954 2036 cohaeret3
979 1959 1048 2021 etsi
1070 1978 1123 2023 res
1146 1960 1210 2042 ipsa

112 2054 212 2118 etiam
238 2056 328 2138 apud
353 2057 499 2121 Pauson.
526 2072 566 2133 x,
592 2057 635 2120 27
663 2057 696 2119 in
722 2057 898 2140 Polygnoti
922 2059 1041 2123 tabula
1069 2062 1209 2125 occurrit.

113 2155 179 2219 Sed
195 2163 227 2221 et
241 2158 384 2223 dubitari
397 2164 518 2245 potest,
539 2177 582 2220 an
597 2158 629 2220 is·
640 2160 726 2240 ipse,
741 2160 801 2241 qui
814 2159 918 2222 verbo
931 2161 1104 2243 ascripsit,
1128 2163 1209 2227 sobu-

111 2256 178 2323 lam
193 2259 368 2343 Sophoclis
380 2262 444 2324 hoo
458 2259 590 2324 nomine
604 2259 772 2322 declarare
787 2260 938 2323 voluerit.
969 2259 1120 2327 Narrare
1134 2265 1209 2329 enim

113 2358 257 2422 voluisse
278 2360 408 2423 videtur
432 2380 512 2436 rem,
538 2379 614 2441 quae
640 2365 740 2440 copta
761 2358 865 2441 Troje
883 2359 968 2423 inter
981 2367 1111 2433 ceteros
1124 2384 1209 2429 casus

112 2459 303 2541 contigerit3
326 2462 494 2543 multoque
515 2461 623 2541 magis
639 2479 681 2523 ea
695 2461 852 2543 exposita
864 2478 938 2523 esse
952 2460 1114 2528 debuitin
1127 2464 1209 2529 subu·

110 2559 146 2624 lu
162 2559 351 2642 Sophoclea
367 2558 566 2645 Ἀντηνορίδαο,
590 2561 718 2642 passim
733 2580 754 2623 a
768 2560 932 2625 veteribus
956 2561 1118 2641 laudula,¹
1146 2583 1211 2647 que

112 2661 156 2725 ad
169 2681 243 2724 eam
262 2664 480 2726 narrationem
505 2662 653 2726 instituto
678 2661 781 2725 fuisse
805 2660 946 2738 videtur,
973 2682 1076 2745 quum
1102 2666 1211 2748 Dictys

111 2763 269 2845 exposuit
292 2762 351 2825 lib.
380 2780 400 2821 v
427 2768 525 2839 extr„
552 2782 627 2825 cum
651 2760 810 2827 Antenori
827 2781 963 2843 regnum
976 2761 1160 2847 Trojnnum
1173 2783 1211 2829 ex

111 2869 210 2946 pacto
224 2884 300 2927 curn
315 2862 446 2928 Graecis
471 2864 619 2929 relictum
643 2865 687 2927 ob
711 2862 962 2951 AEnenflsrnstra
976 2870 1132 2930 tentatur.
1164 2864 1210 2929 Ci.

111 2984 186 3048 sup.
203 2965 289 3032 Fne.
307 2966 459 3030 v11*lin.
477 2983 502 3030 1.
519 2966 559 3029 do
574 2963 754 3031 Antenore.

157 3068 224 3132 S'ed
243 3069 439 3154 jamdudum
455 3088 591 3152 possum
608 3067 713 3133 videri
727 3069 837 3131 sinon
851 3067 951 3142 inani,
978 3068 1089 3133 aliena
1111 3074 1212 3134 tameo

111 3171 256 3255 apoetn,
273 3191 374 3255 opera
388 3171 562 3235 defunctus
577 3190 660 3245 esse,
686 3168 849 3252 siquidem
864 3168 1130 3234 luculentissimo
1145 3170 1212 3234 Mu·

111 3275 215 3337 crobii
229 3273 301 3337 Sat.
319 3291 354 3350 t,
379 3274 490 3337 21000
505 3273 587 3335 satis
607 3271 680 3354 jzun
695 3271 881 3354 expositum
896 3275 959 3346 est,
985 3289 1084 3352 quem
1108 3271 1212 3353 Virgi-

109 3372 174 3435 lius
189 3376 224 3437 in
237 3375 300 3437 lroc
314 3375 399 3439 libro
415 3375 480 3437 sibi
495 3376 700 3457 propositum
715 3373 884 3437 habuerit:
908 3376 918 3403 ‘
933 3372 987 3435 vel
1011 3373 1104 3455 quod
1127 3393 1211 3437 erer-

109 3474 234 3537 sionom
248 3474 358 3557 Trojoe
373 3495 450 3539 curn
465 3476 586 3538 Sinone
601 3495 661 3540 suo
677 3481 708 3538 et
723 3493 809 3556 equo
824 3474 934 3553 ligneo
945 3473 1135 3556 ceterisque
1147 3492 1212 3539 orn-

109 3575 218 3651 ninus,
244 3597 318 3658 qum
333 3577 451 3639 librum
467 3576 646 3640 secundino
661 3575 795 3649 faciunt,
820 3591 842 3634 a
863 3568 1024 3643 Pisandro
1047 3592 1148 3655 paene
1173 3570 1212 3635 ad

107 3677 245 3741 verbum
279 3677 542 3759 transcripseritl
582 3676 639 3758 qui
668 3675 749 3737 inter
778 3670 916 3736 Graecos
945 3672 1066 3753 potus
1094 3674 1213 3739 eminet

603 3813 713 3865 NOTA.
814 3840 816 3845 π

142 3935 150 3961 ¹
170 3934 235 3983 Cum
253 3946 318 3981 unns
337 3949 370 3981 eu
387 3933 426 3981 lrio
444 3932 638 3995 versibusopud
680 3931 773 3977 detur:
799 3931 879 3976 Alam
901 3928 988 3989 Λοκρῷ,
1015 3926 1210 3978 concedendurn

108 4012 261 4061 strabonem
273 4010 384 4060 irridetis
399 4009 557 4059 κοταοτίκτου
573 4009 640 4059 κυνὸς
680 4014 721 4055 est
735 4005 861 4067 elegantis
879 4004 976 4068 ingenii
992 4004 1049 4052 viro
1059 4004 1168 4065 smus,
1179 4016 1210 4051 ex

107 4090 202 4139 Ξπολὰς
227 4089 335 4145 Λίβυσσα
365 4084 546 4149 πορδοληφόρον
574 4085 640 4147 δέρος
681 4080 925 4144 lracpotiusfobnlt
941 4080 1029 4131 locutu
1045 4080 1119 4133 illum
1131 4092 1210 4133 urvo·

115 4166 181 4226 opud
199 4166 286 4216 schol.
306 4163 438 4231 Aristoph.
459 4162 510 4214 Ar.
527 4165 575 4213 ⁹³4
589 4162 642 4211 lon·
682 4168 737 4211 tum
750 4173 815 4209 esse.
