<?xml version="1.0" encoding="UTF-8"?>
<!DOCTYPE html PUBLIC "-//W3C//DTD XHTML 1.0 Transitional//EN"
    "http://www.w3.org/TR/xhtml1/DTD/xhtml1-transitional.dtd">
<html xmlns="http://www.w3.org/1999/xhtml" xml:lang="en" lang="en">
 <head>
  <title>
</title>
<meta http-equiv="Content-Type" content="text/html;charset=utf-8" />
  <meta name='ocr-system' content='tesseract 3.04.00' />
  <meta name='ocr-capabilities' content='ocr_page ocr_carea ocr_par ocr_line ocrx_word'/>
</head>
<body>
  <div class='ocr_page' id='page_1' title='image "./pvirgiliimaroni00virggoog/pvirgiliimaroni00virggoog_0222.png"; bbox 0 0 2664 4686; ppageno 0'>
   <div class='ocr_carea' id='block_1_1' title="bbox 314 310 1079 387">
    <p class='ocr_par' dir='ltr' id='par_1_1' title="bbox 314 310 1079 387">
     <span class='ocr_line' id='line_1_1' title="bbox 314 310 1079 387; baseline 0.013 -19"><span class='ocrx_word' id='word_1_1' title='bbox 314 320 366 369; x_wconf 77' lang='lat' dir='ltr'><strong>ro</strong></span> <span class='ocrx_word' id='word_1_2' title='bbox 388 318 562 387; x_wconf 68' lang='lat' dir='ltr'><strong>nunrnos</strong></span> <span class='ocrx_word' id='word_1_3' title='bbox 580 321 655 375; x_wconf 79' lang='lat' dir='ltr'><strong>ms.</strong></span> <span class='ocrx_word' id='word_1_4' title='bbox 679 320 735 371; x_wconf 87' lang='lat' dir='ltr'><strong>ru.</strong></span> <span class='ocrx_word' id='word_1_5' title='bbox 988 310 1079 379; x_wconf 74' lang='lat'><strong>410⁷</strong></span> 
     </span>
    </p>
   </div>
   <div class='ocr_carea' id='block_1_2' title="bbox 92 428 1077 552">
    <p class='ocr_par' dir='ltr' id='par_1_2' title="bbox 92 428 1077 552">
     <span class='ocr_line' id='line_1_2' title="bbox 92 428 1077 552; baseline 0.007 -23"><span class='ocrx_word' id='word_1_6' title='bbox 92 466 238 552; x_wconf 76' lang='lat' dir='ltr'><strong>rcrymis,</strong></span> <span class='ocrx_word' id='word_1_7' title='bbox 261 471 451 530; x_wconf 79' lang='lat' dir='ltr'><strong>sacraverat</strong></span> <span class='ocrx_word' id='word_1_8' title='bbox 476 428 573 530; x_wconf 45' lang='lat' dir='ltr'><strong>aras)</strong></span> <span class='ocrx_word' id='word_1_9' title='bbox 617 464 822 531; x_wconf 85' lang='lat' dir='ltr'><strong>Manendum</strong></span> <span class='ocrx_word' id='word_1_10' title='bbox 836 467 945 533; x_wconf 82' lang='lat' dir='ltr'><strong>adhuc</strong></span> <span class='ocrx_word' id='word_1_11' title='bbox 966 478 1018 535; x_wconf 84' lang='lat' dir='ltr'><strong>est</strong></span> <span class='ocrx_word' id='word_1_12' title='bbox 1035 471 1077 536; x_wconf 89' lang='lat' dir='ltr'><strong>de</strong></span> 
     </span>
    </p>
   </div>
   <div class='ocr_carea' id='block_1_3' title="bbox 92 565 1078 3781">
    <p class='ocr_par' dir='ltr' id='par_1_3' title="bbox 92 565 1078 3781">
     <span class='ocr_line' id='line_1_3' title="bbox 92 565 1077 637; baseline 0.003 -2"><span class='ocrx_word' id='word_1_13' title='bbox 92 570 131 635; x_wconf 82' lang='lat' dir='ltr'><strong>ris</strong></span> <span class='ocrx_word' id='word_1_14' title='bbox 153 567 278 633; x_wconf 88' lang='lat' dir='ltr'><strong>tumulo</strong></span> <span class='ocrx_word' id='word_1_15' title='bbox 301 569 344 630; x_wconf 92' lang='lat' dir='ltr'><strong>ab</strong></span> <span class='ocrx_word' id='word_1_16' title='bbox 367 565 598 633; x_wconf 86' lang='lat' dir='ltr'><strong>Andromache</strong></span> <span class='ocrx_word' id='word_1_17' title='bbox 612 568 828 633; x_wconf 84' lang='lat' dir='ltr'><strong>adumbrato:</strong></span> <span class='ocrx_word' id='word_1_18' title='bbox 852 569 1077 637; x_wconf 79' lang='lat' dir='ltr'>‘Hectoreum</span> 
     </span>
     <span class='ocr_line' id='line_1_4' title="bbox 92 667 1076 751; baseline 0.001 -16"><span class='ocrx_word' id='word_1_19' title='bbox 92 669 214 735; x_wconf 69' lang='lat' dir='ltr'><strong>lulum?</strong></span> <span class='ocrx_word' id='word_1_20' title='bbox 257 668 499 751; x_wconf 78' lang='lat' dir='ltr'><strong>cenotaphium</strong></span> <span class='ocrx_word' id='word_1_21' title='bbox 512 668 584 733; x_wconf 85' lang='lat' dir='ltr'><strong>fuit</strong></span> <span class='ocrx_word' id='word_1_22' title='bbox 627 667 737 733; x_wconf 87' lang='lat' dir='ltr'><strong>Verus</strong></span> <span class='ocrx_word' id='word_1_23' title='bbox 755 668 915 734; x_wconf 80' lang='lat' dir='ltr'><strong>Hectoris</strong></span> <span class='ocrx_word' id='word_1_24' title='bbox 929 673 1076 736; x_wconf 87' lang='lat' dir='ltr'><strong>tumulus</strong></span> 
     </span>
     <span class='ocr_line' id='line_1_5' title="bbox 97 767 1078 854; baseline 0.001 -19"><span class='ocrx_word' id='word_1_25' title='bbox 97 770 222 835; x_wconf 81' lang='lat' dir='ltr'><strong>fuerat:</strong></span> <span class='ocrx_word' id='word_1_26' title='bbox 248 767 343 854; x_wconf 72' lang='grc' dir='ltr'><strong><em>ῥίμφα</em></strong></span> <span class='ocrx_word' id='word_1_27' title='bbox 357 768 384 831; x_wconf 78' lang='grc' dir='ltr'><strong>δὲ</strong></span> <span class='ocrx_word' id='word_1_28' title='bbox 399 771 465 851; x_wconf 77' lang='grc' dir='ltr'>σῆμ’</span> <span class='ocrx_word' id='word_1_29' title='bbox 483 767 579 854; x_wconf 66' lang='grc' dir='ltr'><strong><em>ἔχων,</em></strong></span> <span class='ocrx_word' id='word_1_30' title='bbox 605 769 704 834; x_wconf 83' lang='lat' dir='ltr'><strong>iliad.</strong></span> <span class='ocrx_word' id='word_1_31' title='bbox 719 776 762 847; x_wconf 85' lang='grc' dir='ltr'><strong>Ω,</strong></span> <span class='ocrx_word' id='word_1_32' title='bbox 775 770 851 836; x_wconf 83' lang='grc'><strong>799.</strong></span> <span class='ocrx_word' id='word_1_33' title='bbox 895 769 1002 837; x_wconf 82' lang='lat' dir='ltr'><strong>Extra</strong></span> <span class='ocrx_word' id='word_1_34' title='bbox 1025 792 1078 836; x_wconf 87' lang='lat' dir='ltr'><strong>ur·</strong></span> 
     </span>
     <span class='ocr_line' id='line_1_6' title="bbox 92 869 1077 954; baseline 0 -15"><span class='ocrx_word' id='word_1_35' title='bbox 92 874 186 949; x_wconf 81' lang='lat' dir='ltr'><strong>nisse,</strong></span> <span class='ocrx_word' id='word_1_36' title='bbox 212 892 257 937; x_wconf 82' lang='lat' dir='ltr'><strong>ex</strong></span> <span class='ocrx_word' id='word_1_37' title='bbox 276 872 459 937; x_wconf 83' lang='lat' dir='ltr'><strong>imitatione</strong></span> <span class='ocrx_word' id='word_1_38' title='bbox 473 869 717 937; x_wconf 77' lang='lat' dir='ltr'><strong>Andromache</strong></span> <span class='ocrx_word' id='word_1_39' title='bbox 732 871 823 954; x_wconf 87' lang='lat' dir='ltr'><strong>apud</strong></span> <span class='ocrx_word' id='word_1_40' title='bbox 837 869 1014 954; x_wconf 69' lang='lat' dir='ltr'><strong>Virgilium</strong></span> <span class='ocrx_word' id='word_1_41' title='bbox 1028 875 1077 939; x_wconf 91' lang='lat' dir='ltr'><strong>in·</strong></span> 
     </span>
     <span class='ocr_line' id='line_1_7' title="bbox 92 972 1078 1059; baseline 0.001 -18"><span class='ocrx_word' id='word_1_42' title='bbox 92 994 148 1055; x_wconf 87' lang='lat' dir='ltr'><strong>ur;</strong></span> <span class='ocrx_word' id='word_1_43' title='bbox 168 973 268 1058; x_wconf 90' lang='lat' dir='ltr'><strong>idque</strong></span> <span class='ocrx_word' id='word_1_44' title='bbox 276 973 477 1038; x_wconf 86' lang='lat' dir='ltr'><strong>declaratum</strong></span> <span class='ocrx_word' id='word_1_45' title='bbox 491 973 643 1038; x_wconf 84' lang='lat' dir='ltr'><strong>disertius</strong></span> <span class='ocrx_word' id='word_1_46' title='bbox 658 993 680 1038; x_wconf 90' lang='lat' dir='ltr'><strong>a</strong></span> <span class='ocrx_word' id='word_1_47' title='bbox 694 973 798 1059; x_wconf 81' lang='lat' dir='ltr'><strong>Dicty</strong></span> <span class='ocrx_word' id='word_1_48' title='bbox 813 973 905 1052; x_wconf 87' lang='lat' dir='ltr'><strong>rv,1.</strong></span> <span class='ocrx_word' id='word_1_49' title='bbox 928 972 1078 1041; x_wconf 82' lang='lat' dir='ltr'><strong>‘Interea</strong></span> 
     </span>
     <span class='ocr_line' id='line_1_8' title="bbox 92 1072 1078 1158; baseline 0.003 -17"><span class='ocrx_word' id='word_1_50' title='bbox 92 1094 153 1141; x_wconf 68' lang='lat' dir='ltr'><strong>&#39;ere</strong></span> <span class='ocrx_word' id='word_1_51' title='bbox 176 1093 252 1139; x_wconf 83' lang='lat' dir='ltr'><strong>orrm</strong></span> <span class='ocrx_word' id='word_1_52' title='bbox 276 1073 366 1139; x_wconf 86' lang='lat' dir='ltr'><strong>haud</strong></span> <span class='ocrx_word' id='word_1_53' title='bbox 388 1074 485 1156; x_wconf 79' lang='lat' dir='ltr'><strong>longe</strong></span> <span class='ocrx_word' id='word_1_54' title='bbox 510 1094 532 1138; x_wconf 91' lang='lat' dir='ltr'><strong>a</strong></span> <span class='ocrx_word' id='word_1_55' title='bbox 557 1074 682 1138; x_wconf 79' lang='lat' dir='ltr'><strong>mmulo</strong></span> <span class='ocrx_word' id='word_1_56' title='bbox 705 1072 749 1138; x_wconf 94' lang='lat' dir='ltr'><strong>Ili</strong></span> <span class='ocrx_word' id='word_1_57' title='bbox 771 1075 857 1157; x_wconf 79' lang='lat' dir='ltr'><strong>regis</strong></span> <span class='ocrx_word' id='word_1_58' title='bbox 880 1076 1078 1158; x_wconf 74' lang='lat' dir='ltr'><strong>qnondmnt&#39;</strong></span> 
     </span>
     <span class='ocr_line' id='line_1_9' title="bbox 92 1173 1075 1255; baseline 0.002 -13"><span class='ocrx_word' id='word_1_59' title='bbox 92 1182 160 1243; x_wconf 84' lang='lat' dir='ltr'><strong>rute</strong></span> <span class='ocrx_word' id='word_1_60' title='bbox 173 1176 288 1241; x_wconf 88' lang='lat' dir='ltr'><strong>urbem</strong></span> <span class='ocrx_word' id='word_1_61' title='bbox 303 1175 347 1240; x_wconf 87' lang='lat' dir='ltr'><strong>ad</strong></span> <span class='ocrx_word' id='word_1_62' title='bbox 361 1176 450 1239; x_wconf 90' lang='lat' dir='ltr'><strong>viam</strong></span> <span class='ocrx_word' id='word_1_63' title='bbox 464 1194 578 1239; x_wconf 80' lang='lat' dir='ltr'><strong>versus</strong></span> <span class='ocrx_word' id='word_1_64' title='bbox 592 1174 684 1240; x_wconf 88' lang='lat' dir='ltr'><strong>littus</strong></span> <span class='ocrx_word' id='word_1_65' title='bbox 704 1173 808 1241; x_wconf 78' lang='lat' dir='ltr'><strong>tuisse</strong></span> <span class='ocrx_word' id='word_1_66' title='bbox 830 1176 916 1240; x_wconf 83' lang='lat' dir='ltr'><strong>eatis</strong></span> <span class='ocrx_word' id='word_1_67' title='bbox 936 1182 1075 1255; x_wconf 82' lang='lat' dir='ltr'><strong>constat,</strong></span> 
     </span>
     <span class='ocr_line' id='line_1_10' title="bbox 92 1274 1077 1359; baseline -0.002 -16"><span class='ocrx_word' id='word_1_68' title='bbox 92 1296 144 1343; x_wconf 75' lang='lat' dir='ltr'><strong>rus</strong></span> <span class='ocrx_word' id='word_1_69' title='bbox 158 1295 254 1341; x_wconf 84' lang='lat' dir='ltr'><strong>verus</strong></span> <span class='ocrx_word' id='word_1_70' title='bbox 268 1275 412 1340; x_wconf 89' lang='lat' dir='ltr'><strong>nondum</strong></span> <span class='ocrx_word' id='word_1_71' title='bbox 427 1282 477 1341; x_wconf 86' lang='lat' dir='ltr'><strong>est</strong></span> <span class='ocrx_word' id='word_1_72' title='bbox 490 1280 646 1359; x_wconf 83' lang='lat' dir='ltr'><strong>repertus.</strong></span> <span class='ocrx_word' id='word_1_73' title='bbox 676 1275 801 1342; x_wconf 77' lang='lat' dir='ltr'><strong>Taetaa</strong></span> <span class='ocrx_word' id='word_1_74' title='bbox 814 1274 986 1343; x_wconf 88' lang='lat' dir='ltr'><strong>Homeric.</strong></span> <span class='ocrx_word' id='word_1_75' title='bbox 999 1277 1077 1344; x_wconf 74' lang='lat'><strong>486.</strong></span> 
     </span>
     <span class='ocr_line' id='line_1_11' title="bbox 92 1372 1074 1465; baseline -0.003 -22"><span class='ocrx_word' id='word_1_76' title='bbox 92 1375 200 1465; x_wconf 66' lang='grc' dir='ltr'><strong><em>τοίχους</em></strong></span> <span class='ocrx_word' id='word_1_77' title='bbox 214 1377 263 1439; x_wconf 73' lang='lat' dir='ltr'><strong>nal</strong></span> <span class='ocrx_word' id='word_1_78' title='bbox 276 1378 372 1451; x_wconf 75' lang='grc' dir='ltr'><strong><em>πόλιος</em></strong></span> <span class='ocrx_word' id='word_1_79' title='bbox 387 1372 469 1461; x_wconf 68' lang='grc' dir='ltr'><strong>μέγα</strong></span> <span class='ocrx_word' id='word_1_80' title='bbox 483 1383 569 1457; x_wconf 76' lang='grc' dir='ltr'><strong><em>σῶμα</em></strong></span> <span class='ocrx_word' id='word_1_81' title='bbox 584 1377 697 1463; x_wconf 74' lang='grc' dir='ltr'><strong><em>κῄοοντος</em></strong></span> <span class='ocrx_word' id='word_1_82' title='bbox 719 1377 772 1450; x_wconf 79' lang='grc' dir='ltr'><strong>Ἐς</strong></span> <span class='ocrx_word' id='word_1_83' title='bbox 793 1375 915 1441; x_wconf 72' lang='lat' dir='ltr'><strong>naum</strong></span> <span class='ocrx_word' id='word_1_84' title='bbox 930 1374 1074 1457; x_wconf 70' lang='lat' dir='ltr'><strong>mitem</strong></span> 
     </span>
     <span class='ocr_line' id='line_1_12' title="bbox 92 1476 1077 1567; baseline 0.001 -22"><span class='ocrx_word' id='word_1_85' title='bbox 92 1476 259 1567; x_wconf 71' lang='lat' dir='ltr'><strong>r&#39;llxsopoe</strong></span> <span class='ocrx_word' id='word_1_86' title='bbox 287 1481 350 1543; x_wconf 77' lang='grc' dir='ltr'><strong><em>δῖον.</em></strong></span> <span class='ocrx_word' id='word_1_87' title='bbox 395 1478 436 1544; x_wconf 87' lang='lat' dir='ltr'><strong>In</strong></span> <span class='ocrx_word' id='word_1_88' title='bbox 462 1478 594 1544; x_wconf 75' lang='lat' dir='ltr'><strong>Tabula</strong></span> <span class='ocrx_word' id='word_1_89' title='bbox 623 1478 732 1544; x_wconf 76' lang='lat' dir='ltr'><strong>Iliaca</strong></span> <span class='ocrx_word' id='word_1_90' title='bbox 752 1484 995 1545; x_wconf 68' lang='lat' dir='ltr'><strong>monumentum</strong></span> <span class='ocrx_word' id='word_1_91' title='bbox 1023 1489 1077 1546; x_wconf 83' lang='lat' dir='ltr'><strong>est</strong></span> 
     </span>
     <span class='ocr_line' id='line_1_13' title="bbox 92 1580 1075 1667; baseline -0.004 -16"><span class='ocrx_word' id='word_1_92' title='bbox 92 1584 128 1651; x_wconf 76' lang='lat' dir='ltr'><strong>ie</strong></span> <span class='ocrx_word' id='word_1_93' title='bbox 147 1582 304 1660; x_wconf 79' lang='lat' dir='ltr'><strong>efficunn,</strong></span> <span class='ocrx_word' id='word_1_94' title='bbox 326 1581 385 1646; x_wconf 87' lang='lat' dir='ltr'><strong>sed</strong></span> <span class='ocrx_word' id='word_1_95' title='bbox 400 1580 567 1665; x_wconf 83' lang='lat' dir='ltr'><strong>lapidibus</strong></span> <span class='ocrx_word' id='word_1_96' title='bbox 582 1588 795 1659; x_wconf 76' lang='lat' dir='ltr'><strong>exsnuctum,</strong></span> <span class='ocrx_word' id='word_1_97' title='bbox 819 1600 930 1667; x_wconf 85' lang='lat' dir='ltr'><strong>nequo</strong></span> <span class='ocrx_word' id='word_1_98' title='bbox 950 1587 1075 1651; x_wconf 78' lang='lat' dir='ltr'><strong>extem-</strong></span> 
     </span>
     <span class='ocr_line' id='line_1_14' title="bbox 92 1682 1075 1769; baseline -0.002 -18"><span class='ocrx_word' id='word_1_99' title='bbox 92 1686 255 1769; x_wconf 73' lang='lat' dir='ltr'><strong>osimilc.</strong></span> <span class='ocrx_word' id='word_1_100' title='bbox 300 1683 431 1749; x_wconf 83' lang='lat' dir='ltr'><strong>Mireris</strong></span> <span class='ocrx_word' id='word_1_101' title='bbox 457 1683 492 1746; x_wconf 93' lang='lat' dir='ltr'><strong>in</strong></span> <span class='ocrx_word' id='word_1_102' title='bbox 513 1701 554 1746; x_wconf 86' lang='lat' dir='ltr'><strong>eo</strong></span> <span class='ocrx_word' id='word_1_103' title='bbox 579 1682 712 1766; x_wconf 74' lang='lat' dir='ltr'><strong>signnm</strong></span> <span class='ocrx_word' id='word_1_104' title='bbox 738 1682 846 1749; x_wconf 82' lang='lat' dir='ltr'><strong>leonis</strong></span> <span class='ocrx_word' id='word_1_105' title='bbox 869 1683 1075 1768; x_wconf 84' lang='lat' dir='ltr'><strong>impositum,</strong></span> 
     </span>
     <span class='ocr_line' id='line_1_15' title="bbox 92 1782 1076 1868; baseline 0 -17"><span class='ocrx_word' id='word_1_106' title='bbox 92 1806 127 1851; x_wconf 91' lang='lat' dir='ltr'><strong>m</strong></span> <span class='ocrx_word' id='word_1_107' title='bbox 141 1786 271 1851; x_wconf 85' lang='lat' dir='ltr'><strong>virtutis</strong></span> <span class='ocrx_word' id='word_1_108' title='bbox 285 1784 483 1868; x_wconf 86' lang='lat' dir='ltr'><strong>symbolum,</strong></span> <span class='ocrx_word' id='word_1_109' title='bbox 508 1782 601 1866; x_wconf 88' lang='lat' dir='ltr'><strong>quod</strong></span> <span class='ocrx_word' id='word_1_110' title='bbox 624 1783 727 1849; x_wconf 90' lang='lat' dir='ltr'><strong>etiam</strong></span> <span class='ocrx_word' id='word_1_111' title='bbox 749 1784 787 1849; x_wconf 92' lang='lat' dir='ltr'><strong>in</strong></span> <span class='ocrx_word' id='word_1_112' title='bbox 810 1801 939 1867; x_wconf 73' lang='lat' dir='ltr'><strong>gemm</strong></span> <span class='ocrx_word' id='word_1_113' title='bbox 961 1782 1076 1851; x_wconf 78' lang='lat' dir='ltr'><strong>Musei</strong></span> 
     </span>
     <span class='ocr_line' id='line_1_16' title="bbox 92 1882 1076 1976; baseline -0.001 -22"><span class='ocrx_word' id='word_1_114' title='bbox 92 1887 180 1976; x_wconf 63' lang='lat' dir='ltr'><strong>Nol.</strong></span> <span class='ocrx_word' id='word_1_115' title='bbox 206 1905 248 1965; x_wconf 91' lang='lat'><strong>11,</strong></span> <span class='ocrx_word' id='word_1_116' title='bbox 272 1889 341 1952; x_wconf 86' lang='lat' dir='ltr'><strong>tab.</strong></span> <span class='ocrx_word' id='word_1_117' title='bbox 363 1882 425 1968; x_wconf 76' lang='lat'><strong>32)</strong></span> <span class='ocrx_word' id='word_1_118' title='bbox 446 1905 615 1952; x_wconf 86' lang='lat' dir='ltr'><strong>occurrere</strong></span> <span class='ocrx_word' id='word_1_119' title='bbox 635 1886 781 1964; x_wconf 84' lang='lat' dir='ltr'><strong>memini,</strong></span> <span class='ocrx_word' id='word_1_120' title='bbox 804 1904 919 1971; x_wconf 77' lang='lat' dir='ltr'><strong>pugna</strong></span> <span class='ocrx_word' id='word_1_121' title='bbox 930 1882 1076 1955; x_wconf 79' lang='lat' dir='ltr'><strong>Achiuis</strong></span> 
     </span>
     <span class='ocr_line' id='line_1_17' title="bbox 92 1986 1074 2079; baseline -0.004 -22"><span class='ocrx_word' id='word_1_122' title='bbox 92 1991 269 2057; x_wconf 80' lang='lat' dir='ltr'><strong>mthesilea</strong></span> <span class='ocrx_word' id='word_1_123' title='bbox 283 1988 327 2053; x_wconf 90' lang='lat' dir='ltr'><strong>ad</strong></span> <span class='ocrx_word' id='word_1_124' title='bbox 341 1991 598 2067; x_wconf 87' lang='lat' dir='ltr'><strong>monumentum,</strong></span> <span class='ocrx_word' id='word_1_125' title='bbox 612 1986 696 2052; x_wconf 77' lang='lat' dir='ltr'><strong>forte</strong></span> <span class='ocrx_word' id='word_1_126' title='bbox 710 1986 766 2066; x_wconf 81' lang='lat' dir='ltr'><strong>lli,</strong></span> <span class='ocrx_word' id='word_1_127' title='bbox 788 1986 888 2053; x_wconf 82' lang='lat' dir='ltr'><strong>iacta.</strong></span> <span class='ocrx_word' id='word_1_128' title='bbox 930 1986 1074 2079; x_wconf 85' lang='lat' dir='ltr'><strong>Videtur</strong></span> 
     </span>
     <span class='ocr_line' id='line_1_18' title="bbox 92 2087 1074 2183; baseline -0.005 -25"><span class='ocrx_word' id='word_1_129' title='bbox 92 2096 183 2183; x_wconf 56' lang='lat' dir='ltr'><strong>seiza</strong></span> <span class='ocrx_word' id='word_1_130' title='bbox 193 2093 328 2155; x_wconf 75' lang='lat' dir='ltr'><strong>ittnucrc</strong></span> <span class='ocrx_word' id='word_1_131' title='bbox 341 2090 417 2156; x_wconf 77' lang='grc'><strong>489.</strong></span> <span class='ocrx_word' id='word_1_132' title='bbox 449 2092 538 2152; x_wconf 72' lang='grc' dir='ltr'><strong>Καλὰ</strong></span> <span class='ocrx_word' id='word_1_133' title='bbox 551 2092 580 2155; x_wconf 72' lang='grc' dir='ltr'>δί</span> <span class='ocrx_word' id='word_1_134' title='bbox 594 2089 694 2153; x_wconf 69' lang='grc' dir='ltr'><strong><em>λοιΐνοον</em></strong></span> <span class='ocrx_word' id='word_1_135' title='bbox 706 2091 770 2153; x_wconf 67' lang='grc' dir='ltr'><strong>ποτὶ</strong></span> <span class='ocrx_word' id='word_1_136' title='bbox 784 2087 893 2171; x_wconf 73' lang='grc' dir='ltr'><strong><em>τύμβον</em></strong></span> <span class='ocrx_word' id='word_1_137' title='bbox 906 2089 1074 2176; x_wconf 69' lang='grc' dir='ltr'><strong>ἀγάλματα</strong></span> 
     </span>
     <span class='ocr_line' id='line_1_19' title="bbox 107 2192 1074 2277; baseline -0.002 -16"><span class='ocrx_word' id='word_1_138' title='bbox 107 2194 256 2261; x_wconf 79' lang='lat' dir='ltr'><strong>saxeum</strong></span> <span class='ocrx_word' id='word_1_139' title='bbox 270 2212 358 2277; x_wconf 84' lang='lat' dir='ltr'><strong>opus</strong></span> <span class='ocrx_word' id='word_1_140' title='bbox 372 2194 446 2277; x_wconf 86' lang='lat' dir='ltr'><strong>ipse</strong></span> <span class='ocrx_word' id='word_1_141' title='bbox 463 2192 632 2257; x_wconf 84' lang='lat' dir='ltr'><strong>Homerus</strong></span> <span class='ocrx_word' id='word_1_142' title='bbox 646 2192 760 2277; x_wconf 86' lang='lat' dir='ltr'><strong>prodit</strong></span> <span class='ocrx_word' id='word_1_143' title='bbox 778 2198 821 2271; x_wconf 80' lang='lat' dir='ltr'><strong>o,</strong></span> <span class='ocrx_word' id='word_1_144' title='bbox 847 2193 924 2261; x_wconf 76' lang='lat'><strong>798.</strong></span> <span class='ocrx_word' id='word_1_145' title='bbox 946 2194 1005 2259; x_wconf 88' lang='lat' dir='ltr'><strong>ubi</strong></span> <span class='ocrx_word' id='word_1_146' title='bbox 1027 2194 1074 2260; x_wconf 90' lang='lat' dir='ltr'><strong>ci·</strong></span> 
     </span>
     <span class='ocr_line' id='line_1_20' title="bbox 95 2292 1074 2372; baseline -0.002 -9"><span class='ocrx_word' id='word_1_147' title='bbox 95 2301 131 2363; x_wconf 85' lang='lat' dir='ltr'><strong>et</strong></span> <span class='ocrx_word' id='word_1_148' title='bbox 153 2315 235 2360; x_wconf 81' lang='lat' dir='ltr'><strong>ossa</strong></span> <span class='ocrx_word' id='word_1_149' title='bbox 259 2295 418 2360; x_wconf 86' lang='lat' dir='ltr'><strong>Hectoris</strong></span> <span class='ocrx_word' id='word_1_150' title='bbox 442 2293 586 2359; x_wconf 89' lang='lat' dir='ltr'><strong>condunt</strong></span> <span class='ocrx_word' id='word_1_151' title='bbox 605 2294 641 2357; x_wconf 90' lang='lat' dir='ltr'><strong>in</strong></span> <span class='ocrx_word' id='word_1_152' title='bbox 664 2311 765 2372; x_wconf 82' lang='lat' dir='ltr'><strong>uma3</strong></span> <span class='ocrx_word' id='word_1_153' title='bbox 786 2293 873 2359; x_wconf 87' lang='lat' dir='ltr'><strong>hanc</strong></span> <span class='ocrx_word' id='word_1_154' title='bbox 891 2294 926 2359; x_wconf 90' lang='lat' dir='ltr'><strong>in</strong></span> <span class='ocrx_word' id='word_1_155' title='bbox 939 2292 1074 2361; x_wconf 84' lang='lat' dir='ltr'><strong>humum</strong></span> 
     </span>
     <span class='ocr_line' id='line_1_21' title="bbox 92 2389 1072 2480; baseline -0.005 -19"><span class='ocrx_word' id='word_1_156' title='bbox 92 2402 158 2461; x_wconf 79' lang='lat' dir='ltr'><strong>ml:</strong></span> <span class='ocrx_word' id='word_1_157' title='bbox 181 2397 208 2468; x_wconf 77' lang='grc' dir='ltr'><strong>ἐς</strong></span> <span class='ocrx_word' id='word_1_158' title='bbox 228 2393 324 2471; x_wconf 66' lang='grc' dir='ltr'><strong><em>κοίλην</em></strong></span> <span class='ocrx_word' id='word_1_159' title='bbox 347 2393 468 2456; x_wconf 76' lang='grc' dir='ltr'><strong><em>κάποτον</em></strong></span> <span class='ocrx_word' id='word_1_160' title='bbox 482 2389 575 2469; x_wconf 70' lang='lat' dir='ltr'><strong>iiras,</strong></span> <span class='ocrx_word' id='word_1_161' title='bbox 600 2395 692 2479; x_wconf 71' lang='grc' dir='ltr'><strong><em>αὐτὰρ</em></strong></span> <span class='ocrx_word' id='word_1_162' title='bbox 707 2389 802 2480; x_wconf 71' lang='lat' dir='ltr'><strong>inpie</strong></span> <span class='ocrx_word' id='word_1_163' title='bbox 817 2397 951 2459; x_wconf 79' lang='grc' dir='ltr'><strong><em>Πονονοῖον</em></strong></span> <span class='ocrx_word' id='word_1_164' title='bbox 966 2394 1072 2459; x_wconf 70' lang='grc' dir='ltr'><strong>λάεσσι</strong></span> 
     </span>
     <span class='ocr_line' id='line_1_22' title="bbox 92 2491 1074 2583; baseline 0.001 -24"><span class='ocrx_word' id='word_1_165' title='bbox 92 2498 175 2583; x_wconf 61' lang='lat' dir='ltr'><strong>pacat</strong></span> <span class='ocrx_word' id='word_1_166' title='bbox 187 2495 356 2582; x_wconf 67' lang='grc' dir='ltr'><strong><em>μεγάλοισι,</em></strong></span> <span class='ocrx_word' id='word_1_167' title='bbox 370 2494 480 2577; x_wconf 66' lang='lat' dir='ltr'><strong>‘Pipae</strong></span> <span class='ocrx_word' id='word_1_168' title='bbox 493 2495 522 2559; x_wconf 74' lang='lat' dir='ltr'><strong>tl</strong></span> <span class='ocrx_word' id='word_1_169' title='bbox 536 2493 603 2576; x_wconf 80' lang='grc' dir='ltr'><strong>σῆμ’</strong></span> <span class='ocrx_word' id='word_1_170' title='bbox 620 2491 925 2580; x_wconf 62' lang='grc' dir='ltr'><strong><em>ῐχοοον-χούοοντοςδέ</em></strong></span> <span class='ocrx_word' id='word_1_171' title='bbox 946 2496 978 2560; x_wconf 71' lang='lat' dir='ltr'><strong>ri</strong></span> <span class='ocrx_word' id='word_1_172' title='bbox 992 2501 1074 2577; x_wconf 74' lang='grc' dir='ltr'><strong>σῆμα</strong></span> 
     </span>
     <span class='ocr_line' id='line_1_23' title="bbox 92 2595 1072 2681; baseline -0.002 -16"><span class='ocrx_word' id='word_1_173' title='bbox 92 2599 137 2665; x_wconf 74' lang='grc' dir='ltr'><strong><em>[ον.</em></strong></span> <span class='ocrx_word' id='word_1_174' title='bbox 182 2597 337 2664; x_wconf 86' lang='lat' dir='ltr'><strong>Ceterum</strong></span> <span class='ocrx_word' id='word_1_175' title='bbox 356 2597 392 2661; x_wconf 92' lang='lat' dir='ltr'><strong>in</strong></span> <span class='ocrx_word' id='word_1_176' title='bbox 405 2595 500 2680; x_wconf 87' lang='lat' dir='ltr'><strong>Epiri</strong></span> <span class='ocrx_word' id='word_1_177' title='bbox 514 2595 622 2661; x_wconf 86' lang='lat' dir='ltr'><strong>littore</strong></span> <span class='ocrx_word' id='word_1_178' title='bbox 637 2596 735 2661; x_wconf 85' lang='lat' dir='ltr'><strong>talem</strong></span> <span class='ocrx_word' id='word_1_179' title='bbox 746 2595 898 2661; x_wconf 90' lang='lat' dir='ltr'><strong>locorum</strong></span> <span class='ocrx_word' id='word_1_180' title='bbox 911 2595 1072 2681; x_wconf 87' lang='lat' dir='ltr'><strong>speciem,</strong></span> 
     </span>
     <span class='ocr_line' id='line_1_24' title="bbox 92 2695 1073 2791; baseline -0.003 -25"><span class='ocrx_word' id='word_1_181' title='bbox 92 2703 134 2773; x_wconf 74' lang='lat' dir='ltr'><strong>nd</strong></span> <span class='ocrx_word' id='word_1_182' title='bbox 147 2702 247 2766; x_wconf 88' lang='lat' dir='ltr'><strong>Ilium</strong></span> <span class='ocrx_word' id='word_1_183' title='bbox 258 2705 341 2777; x_wconf 85' lang='lat' dir='ltr'><strong>erat,</strong></span> <span class='ocrx_word' id='word_1_184' title='bbox 356 2696 612 2763; x_wconf 85' lang='lat' dir='ltr'><strong>animadvertere</strong></span> <span class='ocrx_word' id='word_1_185' title='bbox 627 2697 693 2761; x_wconf 88' lang='lat' dir='ltr'><strong>sibi</strong></span> <span class='ocrx_word' id='word_1_186' title='bbox 706 2695 800 2761; x_wconf 83' lang='lat' dir='ltr'><strong>visus</strong></span> <span class='ocrx_word' id='word_1_187' title='bbox 819 2702 891 2763; x_wconf 89' lang='lat' dir='ltr'><strong>erat</strong></span> <span class='ocrx_word' id='word_1_188' title='bbox 904 2695 1073 2791; x_wconf 70' lang='lat' dir='ltr'><strong>Imbaru-</strong></span> 
     </span>
     <span class='ocr_line' id='line_1_25' title="bbox 92 2796 1073 2891; baseline 0 -24"><span class='ocrx_word' id='word_1_189' title='bbox 92 2824 121 2891; x_wconf 88' lang='lat' dir='ltr'><strong>p.</strong></span> <span class='ocrx_word' id='word_1_190' title='bbox 149 2803 214 2867; x_wconf 83' lang='grc'><strong>184</strong></span> <span class='ocrx_word' id='word_1_191' title='bbox 236 2800 279 2865; x_wconf 82' lang='grc' dir='ltr'><strong>(1ο</strong></span> <span class='ocrx_word' id='word_1_192' title='bbox 302 2798 445 2864; x_wconf 64' lang='lat' dir='ltr'><strong>moade.</strong></span> <span class='ocrx_word' id='word_1_193' title='bbox 496 2796 623 2864; x_wconf 87' lang='lat' dir='ltr'><strong>Notum</strong></span> <span class='ocrx_word' id='word_1_194' title='bbox 644 2802 705 2876; x_wconf 84' lang='lat' dir='ltr'><strong>est,</strong></span> <span class='ocrx_word' id='word_1_195' title='bbox 729 2798 1010 2883; x_wconf 86' lang='lat' dir='ltr'><strong>quemadmodum</strong></span> <span class='ocrx_word' id='word_1_196' title='bbox 1035 2801 1073 2873; x_wconf 71' lang='lat' dir='ltr'><strong>iu</strong></span> 
     </span>
     <span class='ocr_line' id='line_1_26' title="bbox 92 2897 1072 2983; baseline -0.001 -14"><span class='ocrx_word' id='word_1_197' title='bbox 92 2906 131 2969; x_wconf 82' lang='lat' dir='ltr'><strong>ia</strong></span> <span class='ocrx_word' id='word_1_198' title='bbox 153 2902 255 2968; x_wconf 86' lang='lat' dir='ltr'><strong>simili</strong></span> <span class='ocrx_word' id='word_1_199' title='bbox 273 2899 374 2964; x_wconf 93' lang='lat' dir='ltr'><strong>modo</strong></span> <span class='ocrx_word' id='word_1_200' title='bbox 396 2897 604 2983; x_wconf 79' lang='lat' dir='ltr'><strong>Choiiph01ae</strong></span> <span class='ocrx_word' id='word_1_201' title='bbox 624 2899 744 2968; x_wconf 79' lang='lat' dir='ltr'><strong>luerint</strong></span> <span class='ocrx_word' id='word_1_202' title='bbox 764 2899 922 2969; x_wconf 77' lang='lat' dir='ltr'><strong>exhibite</strong></span> <span class='ocrx_word' id='word_1_203' title='bbox 934 2922 1013 2971; x_wconf 84' lang='lat' dir='ltr'><strong>cum</strong></span> <span class='ocrx_word' id='word_1_204' title='bbox 1027 2902 1072 2968; x_wconf 84' lang='lat' dir='ltr'><strong>ab</strong></span> 
     </span>
     <span class='ocr_line' id='line_1_27' title="bbox 92 2999 1071 3086; baseline -0.004 -15"><span class='ocrx_word' id='word_1_205' title='bbox 92 3006 141 3085; x_wconf 88' lang='lat' dir='ltr'><strong>lo,</strong></span> <span class='ocrx_word' id='word_1_206' title='bbox 175 3011 246 3070; x_wconf 92' lang='lat' dir='ltr'><strong>tum</strong></span> <span class='ocrx_word' id='word_1_207' title='bbox 273 3001 520 3086; x_wconf 81' lang='lat' dir='ltr'><strong>Chrysothemis</strong></span> <span class='ocrx_word' id='word_1_208' title='bbox 553 2999 696 3064; x_wconf 81' lang='lat' dir='ltr'><strong>Electrae</strong></span> <span class='ocrx_word' id='word_1_209' title='bbox 726 3018 818 3064; x_wconf 83' lang='lat' dir='ltr'><strong>soror</strong></span> <span class='ocrx_word' id='word_1_210' title='bbox 844 3020 867 3064; x_wconf 90' lang='lat' dir='ltr'><strong>a</strong></span> <span class='ocrx_word' id='word_1_211' title='bbox 893 3000 1071 3086; x_wconf 84' lang='lat' dir='ltr'><strong>Sophocle.</strong></span> 
     </span>
     <span class='ocr_line' id='line_1_28' title="bbox 92 3101 1071 3188; baseline -0.005 -14"><span class='ocrx_word' id='word_1_212' title='bbox 92 3106 333 3173; x_wconf 76' lang='lat' dir='ltr'><strong>Andromachae</strong></span> <span class='ocrx_word' id='word_1_213' title='bbox 347 3105 449 3169; x_wconf 75' lang='lat' dir='ltr'><strong>mirus</strong></span> <span class='ocrx_word' id='word_1_214' title='bbox 463 3104 497 3167; x_wconf 92' lang='lat' dir='ltr'><strong>in</strong></span> <span class='ocrx_word' id='word_1_215' title='bbox 512 3101 694 3168; x_wconf 84' lang='lat' dir='ltr'><strong>Ascanium</strong></span> <span class='ocrx_word' id='word_1_216' title='bbox 709 3102 857 3181; x_wconf 81' lang='lat' dir='ltr'><strong>affectus,</strong></span> <span class='ocrx_word' id='word_1_217' title='bbox 885 3122 929 3167; x_wconf 89' lang='lat' dir='ltr'><strong>ex</strong></span> <span class='ocrx_word' id='word_1_218' title='bbox 947 3101 1071 3188; x_wconf 78' lang='lat' dir='ltr'><strong>Astya-</strong></span> 
     </span>
     <span class='ocr_line' id='line_1_29' title="bbox 96 3202 1071 3288; baseline -0.003 -12"><span class='ocrx_word' id='word_1_219' title='bbox 96 3211 227 3276; x_wconf 87' lang='lat' dir='ltr'><strong>scilicet</strong></span> <span class='ocrx_word' id='word_1_220' title='bbox 246 3206 485 3283; x_wconf 85' lang='lat' dir='ltr'><strong>recordatione,</strong></span> <span class='ocrx_word' id='word_1_221' title='bbox 508 3223 609 3288; x_wconf 85' lang='lat' dir='ltr'><strong>porro</strong></span> <span class='ocrx_word' id='word_1_222' title='bbox 624 3202 821 3270; x_wconf 80' lang='lat' dir='ltr'><strong>adumbrata</strong></span> <span class='ocrx_word' id='word_1_223' title='bbox 832 3205 867 3269; x_wconf 88' lang='lat' dir='ltr'><strong>in</strong></span> <span class='ocrx_word' id='word_1_224' title='bbox 879 3223 970 3271; x_wconf 81' lang='lat' dir='ltr'><strong>nova</strong></span> <span class='ocrx_word' id='word_1_225' title='bbox 981 3205 1071 3273; x_wconf 86' lang='lat' dir='ltr'><strong>culo-</strong></span> 
     </span>
     <span class='ocr_line' id='line_1_30' title="bbox 92 3294 1072 3395; baseline -0.004 -18"><span class='ocrx_word' id='word_1_226' title='bbox 92 3333 131 3377; x_wconf 88' lang='lat' dir='ltr'><strong>us</strong></span> <span class='ocrx_word' id='word_1_227' title='bbox 145 3294 259 3395; x_wconf 62' lang='lat' dir='ltr'><strong>&#39;&#39;I&#39;roja‚</strong></span> <span class='ocrx_word' id='word_1_228' title='bbox 287 3307 408 3371; x_wconf 89' lang='lat' dir='ltr'><strong>Heleni</strong></span> <span class='ocrx_word' id='word_1_229' title='bbox 423 3306 554 3370; x_wconf 84' lang='lat' dir='ltr'><strong>tandem</strong></span> <span class='ocrx_word' id='word_1_230' title='bbox 567 3306 655 3370; x_wconf 83' lang='lat' dir='ltr'><strong>vatis</strong></span> <span class='ocrx_word' id='word_1_231' title='bbox 668 3323 842 3388; x_wconf 86' lang='lat' dir='ltr'><strong>responsa,</strong></span> <span class='ocrx_word' id='word_1_232' title='bbox 867 3304 942 3370; x_wconf 70' lang='lat' dir='ltr'><strong>linc</strong></span> <span class='ocrx_word' id='word_1_233' title='bbox 959 3306 1072 3373; x_wconf 85' lang='lat' dir='ltr'><strong>omnia</strong></span> 
     </span>
     <span class='ocr_line' id='line_1_31' title="bbox 92 3403 1070 3479; baseline -0.007 0"><span class='ocrx_word' id='word_1_234' title='bbox 92 3433 120 3479; x_wconf 84' lang='lat' dir='ltr'><strong>n</strong></span> <span class='ocrx_word' id='word_1_235' title='bbox 132 3411 201 3475; x_wconf 90' lang='lat' dir='ltr'><strong>vim</strong></span> <span class='ocrx_word' id='word_1_236' title='bbox 214 3408 258 3473; x_wconf 86' lang='lat' dir='ltr'><strong>ad</strong></span> <span class='ocrx_word' id='word_1_237' title='bbox 272 3409 417 3472; x_wconf 88' lang='lat' dir='ltr'><strong>animum</strong></span> <span class='ocrx_word' id='word_1_238' title='bbox 437 3407 562 3471; x_wconf 87' lang='lat' dir='ltr'><strong>habent</strong></span> <span class='ocrx_word' id='word_1_239' title='bbox 583 3407 728 3471; x_wconf 82' lang='lat' dir='ltr'><strong>suaviter</strong></span> <span class='ocrx_word' id='word_1_240' title='bbox 744 3404 962 3471; x_wconf 88' lang='lat' dir='ltr'><strong>afficiendum.</strong></span> <span class='ocrx_word' id='word_1_241' title='bbox 1006 3403 1070 3472; x_wconf 60' lang='grc' dir='ltr'><strong>ὼ-</strong></span> 
     </span>
     <span class='ocr_line' id='line_1_32' title="bbox 92 3507 1069 3577; baseline -0.003 0"><span class='ocrx_word' id='word_1_242' title='bbox 92 3512 128 3577; x_wconf 77' lang='lat' dir='ltr'><strong>rd</strong></span> <span class='ocrx_word' id='word_1_243' title='bbox 141 3516 327 3575; x_wconf 87' lang='lat' dir='ltr'><strong>nostrorum</strong></span> <span class='ocrx_word' id='word_1_244' title='bbox 340 3508 505 3573; x_wconf 91' lang='lat' dir='ltr'><strong>hominum</strong></span> <span class='ocrx_word' id='word_1_245' title='bbox 520 3527 639 3573; x_wconf 86' lang='lat' dir='ltr'><strong>sensus</strong></span> <span class='ocrx_word' id='word_1_246' title='bbox 653 3513 687 3571; x_wconf 93' lang='lat' dir='ltr'><strong>et</strong></span> <span class='ocrx_word' id='word_1_247' title='bbox 697 3528 805 3574; x_wconf 84' lang='lat' dir='ltr'><strong>mores</strong></span> <span class='ocrx_word' id='word_1_248' title='bbox 819 3507 966 3574; x_wconf 85' lang='lat' dir='ltr'><strong>fabulam</strong></span> <span class='ocrx_word' id='word_1_249' title='bbox 983 3508 1069 3574; x_wconf 84' lang='lat' dir='ltr'><strong>hanc</strong></span> 
     </span>
     <span class='ocr_line' id='line_1_33' title="bbox 92 3608 1067 3695; baseline -0.007 -15"><span class='ocrx_word' id='word_1_250' title='bbox 92 3634 148 3680; x_wconf 85' lang='lat' dir='ltr'><strong>am</strong></span> <span class='ocrx_word' id='word_1_251' title='bbox 172 3632 246 3677; x_wconf 87' lang='lat' dir='ltr'><strong>esse</strong></span> <span class='ocrx_word' id='word_1_252' title='bbox 268 3630 289 3673; x_wconf 91' lang='lat' dir='ltr'><strong>a</strong></span> <span class='ocrx_word' id='word_1_253' title='bbox 316 3608 473 3689; x_wconf 86' lang='lat' dir='ltr'><strong>Racinio,</strong></span> <span class='ocrx_word' id='word_1_254' title='bbox 503 3610 599 3695; x_wconf 90' lang='lat' dir='ltr'><strong>cujus</strong></span> <span class='ocrx_word' id='word_1_255' title='bbox 622 3608 855 3676; x_wconf 87' lang='lat' dir='ltr'><strong>Andromacha</strong></span> <span class='ocrx_word' id='word_1_256' title='bbox 875 3615 981 3688; x_wconf 82' lang='lat' dir='ltr'><strong>extat,</strong></span> <span class='ocrx_word' id='word_1_257' title='bbox 1007 3611 1067 3674; x_wconf 83' lang='lat' dir='ltr'><strong>vix</strong></span> 
     </span>
     <span class='ocr_line' id='line_1_34' title="bbox 92 3716 318 3781; baseline -0.018 0"><span class='ocrx_word' id='word_1_258' title='bbox 92 3739 98 3780; x_wconf 79' lang='grc' dir='ltr'><strong><em>ν</em></strong></span> <span class='ocrx_word' id='word_1_259' title='bbox 110 3732 245 3781; x_wconf 86' lang='lat' dir='ltr'><strong>neccsse</strong></span> <span class='ocrx_word' id='word_1_260' title='bbox 257 3716 318 3777; x_wconf 76' lang='lat' dir='ltr'><strong>est·</strong></span> 
     </span>
    </p>
   </div>
   <div class='ocr_carea' id='block_1_4' title="bbox 0 0 1336 4686">
    <p class='ocr_par' dir='ltr' id='par_1_4' title="bbox 0 0 1336 4686">
     <span class='ocr_line' id='line_1_35' title="bbox 0 0 1336 4686; baseline 0 1"><span class='ocrx_word' id='word_1_261' title='bbox 0 0 1336 4686; x_wconf 95' lang='lat' dir='ltr'><strong> </strong></span> 
     </span>
    </p>
   </div>
   <div class='ocr_carea' id='block_1_5' title="bbox 1296 2091 1304 2789">
    <p class='ocr_par' dir='ltr' id='par_1_5' title="bbox 1296 2091 1304 2789">
     <span class='ocr_line' id='line_1_36' title="bbox 1296 2091 1304 2789; baseline 0 0"><span class='ocrx_word' id='word_1_262' title='bbox 1296 2091 1304 2789; x_wconf 95' lang='lat' dir='ltr'><strong> </strong></span> 
     </span>
    </p>
   </div>
  </div>
 </body>
</html>
