<?xml version="1.0" encoding="UTF-8"?>
<!DOCTYPE html PUBLIC "-//W3C//DTD XHTML 1.0 Transitional//EN"
    "http://www.w3.org/TR/xhtml1/DTD/xhtml1-transitional.dtd">
<html xmlns="http://www.w3.org/1999/xhtml" xml:lang="en" lang="en">
 <head>
  <title>
</title>
<meta http-equiv="Content-Type" content="text/html;charset=utf-8" />
  <meta name='ocr-system' content='tesseract 3.04.00' />
  <meta name='ocr-capabilities' content='ocr_page ocr_carea ocr_par ocr_line ocrx_word'/>
</head>
<body>
  <div class='ocr_page' id='page_1' title='image "./pvirgiliimaroni00virggoog/pvirgiliimaroni00virggoog_0261.png"; bbox 0 0 2664 4686; ppageno 0'>
   <div class='ocr_carea' id='block_1_1' title="bbox 180 310 868 378">
    <p class='ocr_par' dir='ltr' id='par_1_1' title="bbox 180 310 868 378">
     <span class='ocr_line' id='line_1_1' title="bbox 180 310 868 378; baseline 0 -8"><span class='ocrx_word' id='word_1_1' title='bbox 180 310 270 378; x_wconf 62' lang='lat'><strong>4206</strong></span> <span class='ocrx_word' id='word_1_2' title='bbox 597 319 797 371; x_wconf 67' lang='lat' dir='ltr'>HCURSUS</span> <span class='ocrx_word' id='word_1_3' title='bbox 824 320 868 370; x_wconf 81' lang='lat'><strong>11.</strong></span> 
     </span>
    </p>
   </div>
   <div class='ocr_carea' id='block_1_2' title="bbox 181 466 1292 564">
    <p class='ocr_par' dir='ltr' id='par_1_2' title="bbox 181 466 1292 564">
     <span class='ocr_line' id='line_1_2' title="bbox 181 466 1292 564; baseline 0.001 -28"><span class='ocrx_word' id='word_1_4' title='bbox 181 480 214 536; x_wconf 72' lang='lat' dir='ltr'><em>K</em></span> <span class='ocrx_word' id='word_1_5' title='bbox 226 494 289 557; x_wconf 74' lang='lat' dir='ltr'><strong>pr„</strong></span> <span class='ocrx_word' id='word_1_6' title='bbox 304 471 362 552; x_wconf 90' lang='lat' dir='ltr'><strong>qui</strong></span> <span class='ocrx_word' id='word_1_7' title='bbox 375 487 450 532; x_wconf 90' lang='lat' dir='ltr'><strong>eum</strong></span> <span class='ocrx_word' id='word_1_8' title='bbox 464 466 653 550; x_wconf 83' lang='lat' dir='ltr'><strong>exscripsit.¹</strong></span> <span class='ocrx_word' id='word_1_9' title='bbox 698 468 858 533; x_wconf 75' lang='lat' dir='ltr'><strong>Habebat</strong></span> <span class='ocrx_word' id='word_1_10' title='bbox 871 473 983 535; x_wconf 85' lang='lat' dir='ltr'><strong>autem</strong></span> <span class='ocrx_word' id='word_1_11' title='bbox 995 468 1158 564; x_wconf 71' lang='lat' dir='ltr'><strong>locorum</strong></span> <span class='ocrx_word' id='word_1_12' title='bbox 1168 471 1251 537; x_wconf 86' lang='lat' dir='ltr'><strong>situs</strong></span> <span class='ocrx_word' id='word_1_13' title='bbox 1263 477 1292 536; x_wconf 83' lang='lat' dir='ltr'><strong>et</strong></span> 
     </span>
    </p>
   </div>
   <div class='ocr_carea' id='block_1_3' title="bbox 75 568 1291 657">
    <p class='ocr_par' dir='ltr' id='par_1_3' title="bbox 75 568 1291 657">
     <span class='ocr_line' id='line_1_3' title="bbox 75 568 1291 657; baseline 0.006 -24"><span class='ocrx_word' id='word_1_14' title='bbox 75 608 82 621; x_wconf 87' lang='lat'><strong>·</strong></span> <span class='ocrx_word' id='word_1_15' title='bbox 181 581 299 639; x_wconf 79' lang='lat' dir='ltr'><strong>namra</strong></span> <span class='ocrx_word' id='word_1_16' title='bbox 312 570 425 647; x_wconf 87' lang='lat' dir='ltr'><strong>multa,</strong></span> <span class='ocrx_word' id='word_1_17' title='bbox 441 590 517 657; x_wconf 78' lang='lat' dir='ltr'><strong>qua.</strong></span> <span class='ocrx_word' id='word_1_18' title='bbox 532 568 576 633; x_wconf 86' lang='lat' dir='ltr'><strong>ad</strong></span> <span class='ocrx_word' id='word_1_19' title='bbox 589 570 735 634; x_wconf 82' lang='lat' dir='ltr'><strong>fabulam</strong></span> <span class='ocrx_word' id='word_1_20' title='bbox 748 571 836 634; x_wconf 88' lang='lat' dir='ltr'><strong>hanc</strong></span> <span class='ocrx_word' id='word_1_21' title='bbox 848 590 909 634; x_wconf 88' lang='lat' dir='ltr'><strong>seu</strong></span> <span class='ocrx_word' id='word_1_22' title='bbox 925 569 1026 635; x_wconf 86' lang='lat' dir='ltr'><strong>tidem</strong></span> <span class='ocrx_word' id='word_1_23' title='bbox 1039 573 1291 639; x_wconf 72' lang='lat' dir='ltr'><strong>accommodet</strong></span> 
     </span>
    </p>
   </div>
   <div class='ocr_carea' id='block_1_4' title="bbox 165 672 1332 4098">
    <p class='ocr_par' dir='ltr' id='par_1_4' title="bbox 165 672 1332 4098">
     <span class='ocr_line' id='line_1_4' title="bbox 182 672 1288 761; baseline -0.002 -23"><span class='ocrx_word' id='word_1_24' title='bbox 182 681 331 761; x_wconf 73' lang='lat' dir='ltr'><strong>possent·</strong></span> <span class='ocrx_word' id='word_1_25' title='bbox 347 693 423 755; x_wconf 81' lang='lat' dir='ltr'><strong>quae</strong></span> <span class='ocrx_word' id='word_1_26' title='bbox 438 692 540 735; x_wconf 89' lang='lat' dir='ltr'><strong>unum</strong></span> <span class='ocrx_word' id='word_1_27' title='bbox 553 673 587 734; x_wconf 91' lang='lat' dir='ltr'><strong>in</strong></span> <span class='ocrx_word' id='word_1_28' title='bbox 600 672 712 734; x_wconf 91' lang='lat' dir='ltr'><strong>locum</strong></span> <span class='ocrx_word' id='word_1_29' title='bbox 726 677 885 753; x_wconf 83' lang='lat' dir='ltr'><strong>congesta</strong></span> <span class='ocrx_word' id='word_1_30' title='bbox 897 672 1032 737; x_wconf 89' lang='lat' dir='ltr'><strong>videbis</strong></span> <span class='ocrx_word' id='word_1_31' title='bbox 1046 691 1111 757; x_wconf 89' lang='lat' dir='ltr'><strong>ap.</strong></span> <span class='ocrx_word' id='word_1_32' title='bbox 1128 673 1288 759; x_wconf 81' lang='lat' dir='ltr'><strong>Lyceplu.</strong></span> 
     </span>
     <span class='ocr_line' id='line_1_5' title="bbox 182 775 1287 858; baseline 0.003 -18"><span class='ocrx_word' id='word_1_33' title='bbox 182 778 249 844; x_wconf 80' lang='lat'><strong>695</strong></span> <span class='ocrx_word' id='word_1_34' title='bbox 270 797 344 858; x_wconf 88' lang='lat' dir='ltr'><strong>sqq.</strong></span> <span class='ocrx_word' id='word_1_35' title='bbox 374 775 492 837; x_wconf 88' lang='lat' dir='ltr'><strong>Silium</strong></span> <span class='ocrx_word' id='word_1_36' title='bbox 515 789 586 850; x_wconf 79' lang='lat' dir='ltr'><strong>xil,</strong></span> <span class='ocrx_word' id='word_1_37' title='bbox 610 775 674 837; x_wconf 77' lang='lat'><strong>120</strong></span> <span class='ocrx_word' id='word_1_38' title='bbox 692 794 779 858; x_wconf 84' lang='lat' dir='ltr'><strong>sqq,</strong></span> <span class='ocrx_word' id='word_1_39' title='bbox 805 775 894 839; x_wconf 92' lang='lat' dir='ltr'><strong>sicut</strong></span> <span class='ocrx_word' id='word_1_40' title='bbox 917 776 1053 838; x_wconf 87' lang='lat' dir='ltr'><strong>omniuo</strong></span> <span class='ocrx_word' id='word_1_41' title='bbox 1077 779 1287 843; x_wconf 76' lang='lat' dir='ltr'><strong>vetustiorum</strong></span> 
     </span>
     <span class='ocr_line' id='line_1_6' title="bbox 182 876 1285 960; baseline -0.001 -16"><span class='ocrx_word' id='word_1_42' title='bbox 182 878 368 944; x_wconf 79' lang='lat' dir='ltr'><strong>tabularum</strong></span> <span class='ocrx_word' id='word_1_43' title='bbox 377 895 498 957; x_wconf 80' lang='lat' dir='ltr'><strong>magna</strong></span> <span class='ocrx_word' id='word_1_44' title='bbox 507 895 587 958; x_wconf 87' lang='lat' dir='ltr'><strong>pars</strong></span> <span class='ocrx_word' id='word_1_45' title='bbox 598 876 642 939; x_wconf 84' lang='lat' dir='ltr'><strong>ed</strong></span> <span class='ocrx_word' id='word_1_46' title='bbox 651 877 783 941; x_wconf 86' lang='lat' dir='ltr'><strong>insolita</strong></span> <span class='ocrx_word' id='word_1_47' title='bbox 798 877 911 960; x_wconf 87' lang='lat' dir='ltr'><strong>aliqua</strong></span> <span class='ocrx_word' id='word_1_48' title='bbox 918 882 1048 941; x_wconf 76' lang='lat' dir='ltr'><strong>natruae</strong></span> <span class='ocrx_word' id='word_1_49' title='bbox 1058 876 1285 960; x_wconf 74' lang='lat' dir='ltr'><strong>pheraesaeus,</strong></span> 
     </span>
     <span class='ocr_line' id='line_1_7' title="bbox 183 977 1286 1060; baseline -0.001 -15"><span class='ocrx_word' id='word_1_50' title='bbox 183 980 228 1045; x_wconf 85' lang='lat' dir='ltr'><strong>ad</strong></span> <span class='ocrx_word' id='word_1_51' title='bbox 241 984 350 1043; x_wconf 90' lang='lat' dir='ltr'><strong>motus</strong></span> <span class='ocrx_word' id='word_1_52' title='bbox 365 978 513 1059; x_wconf 87' lang='lat' dir='ltr'><strong>inprimis</strong></span> <span class='ocrx_word' id='word_1_53' title='bbox 528 977 702 1059; x_wconf 81' lang='lat' dir='ltr'><strong>hiatusque</strong></span> <span class='ocrx_word' id='word_1_54' title='bbox 716 984 824 1054; x_wconf 88' lang='lat' dir='ltr'><strong>terrae,</strong></span> <span class='ocrx_word' id='word_1_55' title='bbox 849 979 1006 1060; x_wconf 82' lang='lat' dir='ltr'><strong>ignesque</strong></span> <span class='ocrx_word' id='word_1_56' title='bbox 1027 981 1198 1044; x_wconf 86' lang='lat' dir='ltr'><strong>montium</strong></span> <span class='ocrx_word' id='word_1_57' title='bbox 1217 999 1286 1044; x_wconf 77' lang='lat' dir='ltr'><strong>con</strong></span> 
     </span>
     <span class='ocr_line' id='line_1_8' title="bbox 182 1078 1285 1164; baseline -0.001 -18"><span class='ocrx_word' id='word_1_58' title='bbox 182 1082 304 1157; x_wconf 77' lang='lat' dir='ltr'><strong>dunos,</strong></span> <span class='ocrx_word' id='word_1_59' title='bbox 321 1081 452 1161; x_wconf 90' lang='lat' dir='ltr'><strong>aliaque</strong></span> <span class='ocrx_word' id='word_1_60' title='bbox 465 1084 591 1142; x_wconf 89' lang='lat' dir='ltr'><strong>naturae</strong></span> <span class='ocrx_word' id='word_1_61' title='bbox 606 1080 767 1143; x_wconf 89' lang='lat' dir='ltr'><strong>miracula</strong></span> <span class='ocrx_word' id='word_1_62' title='bbox 780 1085 943 1163; x_wconf 88' lang='lat' dir='ltr'><strong>spectant.</strong></span> <span class='ocrx_word' id='word_1_63' title='bbox 974 1078 1205 1160; x_wconf 78' lang='lat' dir='ltr'><strong>cogitandum</strong></span> <span class='ocrx_word' id='word_1_64' title='bbox 1218 1101 1285 1164; x_wconf 91' lang='lat' dir='ltr'><strong>por·</strong></span> 
     </span>
     <span class='ocr_line' id='line_1_9' title="bbox 183 1180 1283 1264; baseline 0 -17"><span class='ocrx_word' id='word_1_65' title='bbox 183 1200 231 1259; x_wconf 89' lang='lat' dir='ltr'><strong>ro,</strong></span> <span class='ocrx_word' id='word_1_66' title='bbox 252 1183 329 1245; x_wconf 90' lang='lat' dir='ltr'><strong>loca</strong></span> <span class='ocrx_word' id='word_1_67' title='bbox 341 1180 416 1246; x_wconf 90' lang='lat' dir='ltr'><strong>haec</strong></span> <span class='ocrx_word' id='word_1_68' title='bbox 430 1181 615 1262; x_wconf 81' lang='lat' dir='ltr'><strong>antiquiore</strong></span> <span class='ocrx_word' id='word_1_69' title='bbox 630 1200 706 1244; x_wconf 88' lang='lat' dir='ltr'><strong>aevo</strong></span> <span class='ocrx_word' id='word_1_70' title='bbox 719 1200 741 1244; x_wconf 90' lang='lat' dir='ltr'><strong>a</strong></span> <span class='ocrx_word' id='word_1_71' title='bbox 754 1181 874 1264; x_wconf 88' lang='lat' dir='ltr'><strong>paucis</strong></span> <span class='ocrx_word' id='word_1_72' title='bbox 889 1180 1089 1245; x_wconf 82' lang='lat' dir='ltr'><strong>Graecorum</strong></span> <span class='ocrx_word' id='word_1_73' title='bbox 1102 1180 1212 1246; x_wconf 82' lang='lat' dir='ltr'><strong>fuisse</strong></span> <span class='ocrx_word' id='word_1_74' title='bbox 1223 1182 1283 1247; x_wconf 77' lang='lat' dir='ltr'><strong>adi-</strong></span> 
     </span>
     <span class='ocr_line' id='line_1_10' title="bbox 183 1281 1282 1366; baseline 0.001 -19"><span class='ocrx_word' id='word_1_75' title='bbox 183 1288 229 1360; x_wconf 88' lang='lat' dir='ltr'><strong>ta,</strong></span> <span class='ocrx_word' id='word_1_76' title='bbox 255 1301 425 1364; x_wconf 79' lang='lat' dir='ltr'><strong>rerumque</strong></span> <span class='ocrx_word' id='word_1_77' title='bbox 448 1281 531 1345; x_wconf 82' lang='lat' dir='ltr'><strong>adeo</strong></span> <span class='ocrx_word' id='word_1_78' title='bbox 556 1283 716 1345; x_wconf 80' lang='lat' dir='ltr'><strong>miracula</strong></span> <span class='ocrx_word' id='word_1_79' title='bbox 729 1284 955 1364; x_wconf 86' lang='lat' dir='ltr'><strong>navigantium</strong></span> <span class='ocrx_word' id='word_1_80' title='bbox 967 1283 1179 1347; x_wconf 74' lang='lat' dir='ltr'><strong>sermonibus</strong></span> <span class='ocrx_word' id='word_1_81' title='bbox 1192 1284 1282 1366; x_wconf 75' lang='lat' dir='ltr'><strong>ium’g·</strong></span> 
     </span>
     <span class='ocr_line' id='line_1_11' title="bbox 181 1381 1280 1468; baseline -0.001 -19"><span class='ocrx_word' id='word_1_82' title='bbox 181 1384 266 1449; x_wconf 86' lang='lat' dir='ltr'><strong>niter</strong></span> <span class='ocrx_word' id='word_1_83' title='bbox 279 1383 383 1447; x_wconf 84' lang='lat' dir='ltr'><strong>fuisse</strong></span> <span class='ocrx_word' id='word_1_84' title='bbox 396 1388 504 1446; x_wconf 84' lang='lat' dir='ltr'><strong>aucta.</strong></span> <span class='ocrx_word' id='word_1_85' title='bbox 548 1381 634 1460; x_wconf 83' lang='lat' dir='ltr'><strong>Quis</strong></span> <span class='ocrx_word' id='word_1_86' title='bbox 648 1383 734 1447; x_wconf 85' lang='lat' dir='ltr'><strong>ferat</strong></span> <span class='ocrx_word' id='word_1_87' title='bbox 748 1384 856 1448; x_wconf 91' lang='lat' dir='ltr'><strong>adhuc</strong></span> <span class='ocrx_word' id='word_1_88' title='bbox 872 1386 907 1448; x_wconf 89' lang='lat' dir='ltr'><strong>in</strong></span> <span class='ocrx_word' id='word_1_89' title='bbox 921 1384 1146 1468; x_wconf 86' lang='lat' dir='ltr'><strong>Lycophroue</strong></span> <span class='ocrx_word' id='word_1_90' title='bbox 1160 1387 1183 1450; x_wconf 87' lang='lat' dir='ltr'><strong>l.</strong></span> <span class='ocrx_word' id='word_1_91' title='bbox 1198 1406 1229 1451; x_wconf 90' lang='lat' dir='ltr'><strong>c.</strong></span> <span class='ocrx_word' id='word_1_92' title='bbox 1245 1384 1280 1448; x_wconf 86' lang='lat' dir='ltr'><strong>ad</strong></span> 
     </span>
     <span class='ocr_line' id='line_1_12' title="bbox 181 1481 1279 1566; baseline 0.002 -18"><span class='ocrx_word' id='word_1_93' title='bbox 181 1481 406 1548; x_wconf 68' lang='lat' dir='ltr'><strong>acherontem</strong></span> <span class='ocrx_word' id='word_1_94' title='bbox 430 1485 551 1547; x_wconf 90' lang='lat' dir='ltr'><strong>montis</strong></span> <span class='ocrx_word' id='word_1_95' title='bbox 571 1483 691 1566; x_wconf 83' lang='lat' dir='ltr'><strong>jugum</strong></span> <span class='ocrx_word' id='word_1_96' title='bbox 713 1485 901 1562; x_wconf 88' lang='lat' dir='ltr'><strong>memorari,</strong></span> <span class='ocrx_word' id='word_1_97' title='bbox 928 1484 1017 1549; x_wconf 89' lang='lat' dir='ltr'><strong>unde</strong></span> <span class='ocrx_word' id='word_1_98' title='bbox 1041 1505 1160 1550; x_wconf 87' lang='lat' dir='ltr'><strong>omues</strong></span> <span class='ocrx_word' id='word_1_99' title='bbox 1184 1485 1279 1551; x_wconf 74' lang='lat' dir='ltr'><strong>Itaba</strong></span> 
     </span>
     <span class='ocr_line' id='line_1_13' title="bbox 183 1584 1278 1669; baseline 0.003 -18"><span class='ocrx_word' id='word_1_100' title='bbox 183 1586 278 1651; x_wconf 84' lang='lat' dir='ltr'><strong>tlurii</strong></span> <span class='ocrx_word' id='word_1_101' title='bbox 290 1584 476 1669; x_wconf 73' lang='lat' dir='ltr'><strong>prodeunti</strong></span> <span class='ocrx_word' id='word_1_102' title='bbox 501 1585 579 1648; x_wconf 87' lang='lat' dir='ltr'><strong>Fuit</strong></span> <span class='ocrx_word' id='word_1_103' title='bbox 604 1591 713 1648; x_wconf 89' lang='lat' dir='ltr'><strong>autem</strong></span> <span class='ocrx_word' id='word_1_104' title='bbox 736 1592 826 1650; x_wconf 90' lang='lat' dir='ltr'><strong>totus</strong></span> <span class='ocrx_word' id='word_1_105' title='bbox 850 1587 904 1650; x_wconf 88' lang='lat' dir='ltr'><strong>hic</strong></span> <span class='ocrx_word' id='word_1_106' title='bbox 924 1593 1052 1651; x_wconf 86' lang='lat' dir='ltr'><strong>tractus</strong></span> <span class='ocrx_word' id='word_1_107' title='bbox 1065 1588 1278 1669; x_wconf 85' lang='lat' dir='ltr'><strong>iguibussub</strong></span> 
     </span>
     <span class='ocr_line' id='line_1_14' title="bbox 165 1672 1278 1778; baseline 0.005 -25"><span class='ocrx_word' id='word_1_108' title='bbox 165 1672 352 1764; x_wconf 57' lang='lat' dir='ltr'><strong>&#39;terraneis</strong></span> <span class='ocrx_word' id='word_1_109' title='bbox 378 1687 507 1769; x_wconf 81' lang='lat' dir='ltr'><strong>passim</strong></span> <span class='ocrx_word' id='word_1_110' title='bbox 529 1689 786 1770; x_wconf 72' lang='lat' dir='ltr'><strong>erumpentibus</strong></span> <span class='ocrx_word' id='word_1_111' title='bbox 811 1689 991 1772; x_wconf 89' lang='lat' dir='ltr'><strong>aliquando</strong></span> <span class='ocrx_word' id='word_1_112' title='bbox 1008 1691 1174 1757; x_wconf 81' lang='lat' dir='ltr'><strong>infestus:</strong></span> <span class='ocrx_word' id='word_1_113' title='bbox 1196 1694 1278 1778; x_wconf 81' lang='lat' dir='ltr'><strong>cujus</strong></span> 
     </span>
     <span class='ocr_line' id='line_1_15' title="bbox 181 1787 1279 1873; baseline 0.005 -21"><span class='ocrx_word' id='word_1_114' title='bbox 181 1789 231 1852; x_wconf 86' lang='lat' dir='ltr'><strong>rei</strong></span> <span class='ocrx_word' id='word_1_115' title='bbox 255 1789 398 1868; x_wconf 84' lang='lat' dir='ltr'><strong>vestigia</strong></span> <span class='ocrx_word' id='word_1_116' title='bbox 418 1795 494 1850; x_wconf 89' lang='lat' dir='ltr'><strong>sunt</strong></span> <span class='ocrx_word' id='word_1_117' title='bbox 515 1787 687 1851; x_wconf 73' lang='lat' dir='ltr'><strong>manifesta</strong></span> <span class='ocrx_word' id='word_1_118' title='bbox 700 1789 862 1870; x_wconf 85' lang='lat' dir='ltr'><strong>plurima:</strong></span> <span class='ocrx_word' id='word_1_119' title='bbox 886 1809 1020 1873; x_wconf 85' lang='lat' dir='ltr'><strong>specus,</strong></span> <span class='ocrx_word' id='word_1_120' title='bbox 1034 1791 1197 1871; x_wconf 87' lang='lat' dir='ltr'><strong>colliculi,</strong></span> <span class='ocrx_word' id='word_1_121' title='bbox 1218 1811 1279 1857; x_wconf 81' lang='lat' dir='ltr'><strong>cra·</strong></span> 
     </span>
     <span class='ocr_line' id='line_1_16' title="bbox 183 1887 1280 1973; baseline 0.005 -20"><span class='ocrx_word' id='word_1_122' title='bbox 183 1895 279 1964; x_wconf 88' lang='lat' dir='ltr'><strong>teres,</strong></span> <span class='ocrx_word' id='word_1_123' title='bbox 294 1889 399 1963; x_wconf 88' lang='lat' dir='ltr'><strong>lacus,</strong></span> <span class='ocrx_word' id='word_1_124' title='bbox 416 1889 503 1950; x_wconf 90' lang='lat' dir='ltr'><strong>alia:</strong></span> <span class='ocrx_word' id='word_1_125' title='bbox 527 1908 560 1949; x_wconf 87' lang='lat' dir='ltr'><strong>v.</strong></span> <span class='ocrx_word' id='word_1_126' title='bbox 587 1887 772 1952; x_wconf 86' lang='lat' dir='ltr'><strong>Hamilton.</strong></span> <span class='ocrx_word' id='word_1_127' title='bbox 798 1891 833 1953; x_wconf 90' lang='lat' dir='ltr'><strong>in</strong></span> <span class='ocrx_word' id='word_1_128' title='bbox 855 1888 995 1973; x_wconf 85' lang='lat' dir='ltr'><strong>Campis</strong></span> <span class='ocrx_word' id='word_1_129' title='bbox 1015 1888 1280 1972; x_wconf 71' lang='lat' dir='ltr'><strong>Phlegraeum</strong></span> 
     </span>
     <span class='ocr_line' id='line_1_17' title="bbox 181 1987 1279 2077; baseline 0.002 -22"><span class='ocrx_word' id='word_1_130' title='bbox 181 1989 273 2066; x_wconf 81' lang='lat' dir='ltr'><strong>aliis,</strong></span> <span class='ocrx_word' id='word_1_131' title='bbox 298 1989 356 2070; x_wconf 93' lang='lat' dir='ltr'><strong>qui</strong></span> <span class='ocrx_word' id='word_1_132' title='bbox 382 1988 424 2051; x_wconf 89' lang='lat' dir='ltr'><strong>de</strong></span> <span class='ocrx_word' id='word_1_133' title='bbox 447 1987 532 2052; x_wconf 84' lang='lat' dir='ltr'><strong>locis</strong></span> <span class='ocrx_word' id='word_1_134' title='bbox 560 1987 736 2053; x_wconf 84' lang='lat' dir='ltr'><strong>Volcaniis</strong></span> <span class='ocrx_word' id='word_1_135' title='bbox 760 1992 932 2074; x_wconf 83' lang='lat' dir='ltr'><strong>scripsere.</strong></span> <span class='ocrx_word' id='word_1_136' title='bbox 977 1990 1092 2057; x_wconf 85' lang='lat' dir='ltr'><strong>Scatet</strong></span> <span class='ocrx_word' id='word_1_137' title='bbox 1110 1999 1279 2077; x_wconf 71' lang='lat' dir='ltr'><strong>totussger</strong></span> 
     </span>
     <span class='ocr_line' id='line_1_18' title="bbox 183 2089 1278 2178; baseline 0.001 -20"><span class='ocrx_word' id='word_1_138' title='bbox 183 2095 268 2158; x_wconf 86' lang='lat' dir='ltr'><strong>inter</strong></span> <span class='ocrx_word' id='word_1_139' title='bbox 279 2089 404 2155; x_wconf 87' lang='lat' dir='ltr'><strong>Cumas</strong></span> <span class='ocrx_word' id='word_1_140' title='bbox 419 2094 451 2153; x_wconf 90' lang='lat' dir='ltr'><strong>et</strong></span> <span class='ocrx_word' id='word_1_141' title='bbox 466 2090 570 2153; x_wconf 82' lang='lat' dir='ltr'><strong>Baias</strong></span> <span class='ocrx_word' id='word_1_142' title='bbox 584 2089 756 2167; x_wconf 88' lang='lat' dir='ltr'><strong>bitumine,</strong></span> <span class='ocrx_word' id='word_1_143' title='bbox 772 2092 937 2175; x_wconf 85' lang='lat' dir='ltr'><strong>sulphure,</strong></span> <span class='ocrx_word' id='word_1_144' title='bbox 951 2099 985 2156; x_wconf 88' lang='lat' dir='ltr'><strong>ct</strong></span> <span class='ocrx_word' id='word_1_145' title='bbox 998 2092 1121 2156; x_wconf 82' lang='lat' dir='ltr'><strong>calidis</strong></span> <span class='ocrx_word' id='word_1_146' title='bbox 1135 2097 1278 2178; x_wconf 71' lang='lat' dir='ltr'><strong>aquistr.</strong></span> 
     </span>
     <span class='ocr_line' id='line_1_19' title="bbox 183 2190 1279 2275; baseline 0.001 -16"><span class='ocrx_word' id='word_1_147' title='bbox 183 2194 305 2259; x_wconf 85' lang='lat' dir='ltr'><strong>Strabo</strong></span> <span class='ocrx_word' id='word_1_148' title='bbox 321 2193 343 2256; x_wconf 91' lang='lat' dir='ltr'><strong>l.</strong></span> <span class='ocrx_word' id='word_1_149' title='bbox 358 2212 389 2256; x_wconf 92' lang='lat' dir='ltr'><strong>c.</strong></span> <span class='ocrx_word' id='word_1_150' title='bbox 404 2213 439 2274; x_wconf 93' lang='lat' dir='ltr'><strong>p.</strong></span> <span class='ocrx_word' id='word_1_151' title='bbox 453 2192 519 2255; x_wconf 75' lang='lat'><strong>245</strong></span> <span class='ocrx_word' id='word_1_152' title='bbox 533 2190 573 2254; x_wconf 87' lang='lat' dir='ltr'><strong>C.</strong></span> <span class='ocrx_word' id='word_1_153' title='bbox 594 2190 684 2272; x_wconf 90' lang='lat' dir='ltr'><strong>quod</strong></span> <span class='ocrx_word' id='word_1_154' title='bbox 699 2192 782 2254; x_wconf 87' lang='lat' dir='ltr'><strong>bene</strong></span> <span class='ocrx_word' id='word_1_155' title='bbox 797 2191 900 2255; x_wconf 87' lang='lat' dir='ltr'><strong>Silius</strong></span> <span class='ocrx_word' id='word_1_156' title='bbox 914 2194 1082 2275; x_wconf 79' lang='lat' dir='ltr'><strong>expressit</strong></span> <span class='ocrx_word' id='word_1_157' title='bbox 1100 2213 1205 2258; x_wconf 86' lang='lat' dir='ltr'><strong>verss.</strong></span> <span class='ocrx_word' id='word_1_158' title='bbox 1221 2198 1279 2260; x_wconf 83' lang='lat' dir='ltr'><strong>suis</strong></span> 
     </span>
     <span class='ocr_line' id='line_1_20' title="bbox 183 2292 1278 2380; baseline 0.001 -20"><span class='ocrx_word' id='word_1_159' title='bbox 183 2297 242 2361; x_wconf 92' lang='lat' dir='ltr'><strong>lib.</strong></span> <span class='ocrx_word' id='word_1_160' title='bbox 270 2311 309 2370; x_wconf 74' lang='grc' dir='ltr'><strong>Χ,</strong></span> <span class='ocrx_word' id='word_1_161' title='bbox 335 2294 401 2358; x_wconf 81' lang='grc'><strong>134</strong></span> <span class='ocrx_word' id='word_1_162' title='bbox 426 2299 523 2376; x_wconf 90' lang='lat' dir='ltr'><strong>sqq).</strong></span> <span class='ocrx_word' id='word_1_163' title='bbox 569 2292 676 2375; x_wconf 88' lang='lat' dir='ltr'><strong>Super</strong></span> <span class='ocrx_word' id='word_1_164' title='bbox 705 2292 867 2357; x_wconf 90' lang='lat' dir='ltr'><strong>Puteolos</strong></span> <span class='ocrx_word' id='word_1_165' title='bbox 893 2313 1033 2378; x_wconf 89' lang='lat' dir='ltr'><strong>campus</strong></span> <span class='ocrx_word' id='word_1_166' title='bbox 1059 2300 1113 2359; x_wconf 84' lang='lat' dir='ltr'><strong>est</strong></span> <span class='ocrx_word' id='word_1_167' title='bbox 1137 2297 1278 2380; x_wconf 85' lang='lat' dir='ltr'><strong>sulphure</strong></span> 
     </span>
     <span class='ocr_line' id='line_1_21' title="bbox 185 2395 1278 2482; baseline 0.002 -21"><span class='ocrx_word' id='word_1_168' title='bbox 185 2398 369 2472; x_wconf 87' lang='lat' dir='ltr'><strong>abundans,</strong></span> <span class='ocrx_word' id='word_1_169' title='bbox 384 2395 524 2459; x_wconf 90' lang='lat' dir='ltr'><strong>collibus</strong></span> <span class='ocrx_word' id='word_1_170' title='bbox 541 2395 700 2471; x_wconf 90' lang='lat' dir='ltr'><strong>inclusus,</strong></span> <span class='ocrx_word' id='word_1_171' title='bbox 726 2396 849 2476; x_wconf 92' lang='lat' dir='ltr'><strong>quibus</strong></span> <span class='ocrx_word' id='word_1_172' title='bbox 871 2396 1000 2478; x_wconf 88' lang='lat' dir='ltr'><strong>passim</strong></span> <span class='ocrx_word' id='word_1_173' title='bbox 1025 2396 1091 2460; x_wconf 86' lang='lat' dir='ltr'><strong>soli</strong></span> <span class='ocrx_word' id='word_1_174' title='bbox 1116 2399 1278 2482; x_wconf 86' lang='lat' dir='ltr'><strong>spiraculis</strong></span> 
     </span>
     <span class='ocr_line' id='line_1_22' title="bbox 184 2494 1277 2585; baseline -0.003 -23"><span class='ocrx_word' id='word_1_175' title='bbox 184 2499 295 2563; x_wconf 88' lang='lat' dir='ltr'><strong>sumus</strong></span> <span class='ocrx_word' id='word_1_176' title='bbox 309 2506 342 2561; x_wconf 87' lang='lat' dir='ltr'><strong>et</strong></span> <span class='ocrx_word' id='word_1_177' title='bbox 355 2497 446 2560; x_wconf 87' lang='lat' dir='ltr'><strong>calor</strong></span> <span class='ocrx_word' id='word_1_178' title='bbox 461 2496 582 2578; x_wconf 87' lang='lat' dir='ltr'><strong>prodit.</strong></span> <span class='ocrx_word' id='word_1_179' title='bbox 611 2494 738 2559; x_wconf 88' lang='lat' dir='ltr'><strong>Notum</strong></span> <span class='ocrx_word' id='word_1_180' title='bbox 752 2503 802 2561; x_wconf 90' lang='lat' dir='ltr'><strong>est</strong></span> <span class='ocrx_word' id='word_1_181' title='bbox 816 2516 937 2561; x_wconf 90' lang='lat' dir='ltr'><strong>nomen</strong></span> <span class='ocrx_word' id='word_1_182' title='bbox 951 2499 1032 2563; x_wconf 88' lang='lat' dir='ltr'><strong>inter</strong></span> <span class='ocrx_word' id='word_1_183' title='bbox 1046 2505 1177 2563; x_wconf 88' lang='lat' dir='ltr'><strong>veteres</strong></span> <span class='ocrx_word' id='word_1_184' title='bbox 1178 2497 1277 2585; x_wconf 81' lang='lat' dir='ltr'><strong>sorum</strong></span> 
     </span>
     <span class='ocr_line' id='line_1_23' title="bbox 185 2593 1277 2682; baseline 0 -18"><span class='ocrx_word' id='word_1_185' title='bbox 185 2606 220 2664; x_wconf 83' lang='lat' dir='ltr'><strong>et</strong></span> <span class='ocrx_word' id='word_1_186' title='bbox 233 2595 297 2661; x_wconf 81' lang='lat' dir='ltr'><strong>olla</strong></span> <span class='ocrx_word' id='word_1_187' title='bbox 316 2593 460 2672; x_wconf 80' lang='lat' dir='ltr'><strong>Vulcani,</strong></span> <span class='ocrx_word' id='word_1_188' title='bbox 487 2616 573 2659; x_wconf 88' lang='lat' dir='ltr'><strong>nunc</strong></span> <span class='ocrx_word' id='word_1_189' title='bbox 591 2593 755 2678; x_wconf 77' lang='lat' dir='ltr'><strong>Selsaturu</strong></span> <span class='ocrx_word' id='word_1_190' title='bbox 772 2616 831 2660; x_wconf 90' lang='lat' dir='ltr'><strong>seu</strong></span> <span class='ocrx_word' id='word_1_191' title='bbox 847 2598 1078 2682; x_wconf 88' lang='lat' dir='ltr'><strong>Sulphuraria.</strong></span> <span class='ocrx_word' id='word_1_192' title='bbox 1122 2601 1214 2667; x_wconf 84' lang='lat' dir='ltr'><strong>Vide</strong></span> <span class='ocrx_word' id='word_1_193' title='bbox 1236 2601 1277 2664; x_wconf 80' lang='lat' dir='ltr'><strong>rel</strong></span> 
     </span>
     <span class='ocr_line' id='line_1_24' title="bbox 188 2693 1279 2782; baseline 0 -19"><span class='ocrx_word' id='word_1_194' title='bbox 188 2699 386 2763; x_wconf 86' lang='lat' dir='ltr'><strong>Mazzellam</strong></span> <span class='ocrx_word' id='word_1_195' title='bbox 405 2693 577 2758; x_wconf 74' lang='lat' dir='ltr'><strong>Antichith</strong></span> <span class='ocrx_word' id='word_1_196' title='bbox 597 2695 631 2757; x_wconf 94' lang='lat' dir='ltr'><strong>di</strong></span> <span class='ocrx_word' id='word_1_197' title='bbox 651 2695 821 2761; x_wconf 82' lang='lat' dir='ltr'><strong>Pozzuolo</strong></span> <span class='ocrx_word' id='word_1_198' title='bbox 836 2718 866 2763; x_wconf 92' lang='lat' dir='ltr'><strong>c.</strong></span> <span class='ocrx_word' id='word_1_199' title='bbox 882 2700 915 2762; x_wconf 87' lang='lat'><strong>7.</strong></span> <span class='ocrx_word' id='word_1_200' title='bbox 960 2699 1082 2782; x_wconf 88' lang='lat' dir='ltr'><strong>Itaque</strong></span> <span class='ocrx_word' id='word_1_201' title='bbox 1096 2704 1216 2767; x_wconf 90' lang='lat' dir='ltr'><strong>mirum</strong></span> <span class='ocrx_word' id='word_1_202' title='bbox 1228 2720 1279 2766; x_wconf 87' lang='lat' dir='ltr'><strong>nen</strong></span> 
     </span>
     <span class='ocr_line' id='line_1_25' title="bbox 184 2795 1277 2884; baseline 0.005 -21"><span class='ocrx_word' id='word_1_203' title='bbox 184 2807 246 2876; x_wconf 90' lang='lat' dir='ltr'><strong>est,</strong></span> <span class='ocrx_word' id='word_1_204' title='bbox 271 2798 372 2861; x_wconf 87' lang='lat' dir='ltr'><strong>modo</strong></span> <span class='ocrx_word' id='word_1_205' title='bbox 396 2795 564 2878; x_wconf 89' lang='lat' dir='ltr'><strong>Cyclopas</strong></span> <span class='ocrx_word' id='word_1_206' title='bbox 586 2795 686 2858; x_wconf 91' lang='lat' dir='ltr'><strong>modo</strong></span> <span class='ocrx_word' id='word_1_207' title='bbox 710 2795 871 2877; x_wconf 85' lang='lat' dir='ltr'><strong>Gigantas</strong></span> <span class='ocrx_word' id='word_1_208' title='bbox 897 2798 1092 2864; x_wconf 82' lang='lat' dir='ltr'><strong>fulminibus</strong></span> <span class='ocrx_word' id='word_1_209' title='bbox 1116 2821 1277 2884; x_wconf 86' lang='lat' dir='ltr'><strong>percussos</strong></span> 
     </span>
     <span class='ocr_line' id='line_1_26' title="bbox 185 2896 1277 2986; baseline 0.002 -22"><span class='ocrx_word' id='word_1_210' title='bbox 185 2901 312 2983; x_wconf 87' lang='lat' dir='ltr'><strong>passim</strong></span> <span class='ocrx_word' id='word_1_211' title='bbox 328 2900 371 2963; x_wconf 79' lang='lat' dir='ltr'><strong>ad</strong></span> <span class='ocrx_word' id='word_1_212' title='bbox 386 2900 460 2962; x_wconf 89' lang='lat' dir='ltr'><strong>haec</strong></span> <span class='ocrx_word' id='word_1_213' title='bbox 476 2899 550 2961; x_wconf 90' lang='lat' dir='ltr'><strong>loca</strong></span> <span class='ocrx_word' id='word_1_214' title='bbox 564 2896 686 2973; x_wconf 89' lang='lat' dir='ltr'><strong>referri,</strong></span> <span class='ocrx_word' id='word_1_215' title='bbox 701 2898 917 2982; x_wconf 90' lang='lat' dir='ltr'><strong>inprimisque</strong></span> <span class='ocrx_word' id='word_1_216' title='bbox 930 2919 1070 2984; x_wconf 89' lang='lat' dir='ltr'><strong>campos</strong></span> <span class='ocrx_word' id='word_1_217' title='bbox 1088 2903 1277 2986; x_wconf 71' lang='lat' dir='ltr'><strong>Phlegraeos,</strong></span> 
     </span>
     <span class='ocr_line' id='line_1_27' title="bbox 185 2997 1276 3089; baseline 0.003 -23"><span class='ocrx_word' id='word_1_218' title='bbox 185 3000 430 3084; x_wconf 85' lang='lat' dir='ltr'><strong>Gigantumque</strong></span> <span class='ocrx_word' id='word_1_219' title='bbox 444 2999 478 3061; x_wconf 91' lang='lat' dir='ltr'><strong>in</strong></span> <span class='ocrx_word' id='word_1_220' title='bbox 492 2998 534 3061; x_wconf 92' lang='lat' dir='ltr'><strong>iis</strong></span> <span class='ocrx_word' id='word_1_221' title='bbox 549 3016 704 3080; x_wconf 82' lang='lat' dir='ltr'><strong>pugnam.</strong></span> <span class='ocrx_word' id='word_1_222' title='bbox 748 2997 816 3061; x_wconf 90' lang='lat' dir='ltr'><strong>His</strong></span> <span class='ocrx_word' id='word_1_223' title='bbox 829 3000 913 3082; x_wconf 85' lang='lat' dir='ltr'><strong>ignis</strong></span> <span class='ocrx_word' id='word_1_224' title='bbox 926 3002 1128 3068; x_wconf 86' lang='lat' dir='ltr'><strong>subterranei</strong></span> <span class='ocrx_word' id='word_1_225' title='bbox 1143 3006 1276 3089; x_wconf 80' lang='lat' dir='ltr'><strong>vestigiis</strong></span> 
     </span>
     <span class='ocr_line' id='line_1_28' title="bbox 186 3097 1276 3184; baseline 0.005 -16"><span class='ocrx_word' id='word_1_226' title='bbox 186 3104 412 3169; x_wconf 82' lang='lat' dir='ltr'><strong>accensendus</strong></span> <span class='ocrx_word' id='word_1_227' title='bbox 449 3102 522 3184; x_wconf 92' lang='lat' dir='ltr'><strong>ipsc</strong></span> <span class='ocrx_word' id='word_1_228' title='bbox 558 3099 653 3162; x_wconf 90' lang='lat' dir='ltr'><strong>lacus</strong></span> <span class='ocrx_word' id='word_1_229' title='bbox 690 3097 853 3176; x_wconf 79' lang='lat' dir='ltr'><strong>Avernus,</strong></span> <span class='ocrx_word' id='word_1_230' title='bbox 891 3103 970 3166; x_wconf 89' lang='lat' dir='ltr'><strong>olim</strong></span> <span class='ocrx_word' id='word_1_231' title='bbox 1002 3111 1110 3170; x_wconf 87' lang='lat' dir='ltr'><strong>crater</strong></span> <span class='ocrx_word' id='word_1_232' title='bbox 1145 3105 1276 3177; x_wconf 82' lang='lat' dir='ltr'><strong>Vulcani</strong></span> 
     </span>
     <span class='ocr_line' id='line_1_29' title="bbox 184 3200 1332 3296; baseline 0 -24"><span class='ocrx_word' id='word_1_233' title='bbox 184 3207 343 3291; x_wconf 86' lang='lat' dir='ltr'><strong>(Hamilt.</strong></span> <span class='ocrx_word' id='word_1_234' title='bbox 365 3207 388 3269; x_wconf 91' lang='lat' dir='ltr'><strong>l.</strong></span> <span class='ocrx_word' id='word_1_235' title='bbox 412 3224 443 3267; x_wconf 92' lang='lat' dir='ltr'><strong>c.</strong></span> <span class='ocrx_word' id='word_1_236' title='bbox 472 3203 518 3285; x_wconf 92' lang='lat' dir='ltr'><strong>pl.</strong></span> <span class='ocrx_word' id='word_1_237' title='bbox 546 3210 677 3280; x_wconf 78' lang='lat' dir='ltr'><strong>xxrx).</strong></span> <span class='ocrx_word' id='word_1_238' title='bbox 723 3200 800 3264; x_wconf 91' lang='lat' dir='ltr'><strong>Non</strong></span> <span class='ocrx_word' id='word_1_239' title='bbox 825 3204 922 3284; x_wconf 85' lang='lat' dir='ltr'><strong>longe</strong></span> <span class='ocrx_word' id='word_1_240' title='bbox 952 3223 973 3266; x_wconf 89' lang='lat' dir='ltr'><strong>a</strong></span> <span class='ocrx_word' id='word_1_241' title='bbox 997 3204 1116 3271; x_wconf 86' lang='lat' dir='ltr'><strong>Cumis</strong></span> <span class='ocrx_word' id='word_1_242' title='bbox 1131 3206 1277 3292; x_wconf 74' lang='lat' dir='ltr'><strong>polest</strong></span> <span class='ocrx_word' id='word_1_243' title='bbox 1330 3216 1332 3296; x_wconf 54' lang='grc' dir='ltr'>Ϊ</span> 
     </span>
     <span class='ocr_line' id='line_1_30' title="bbox 187 3301 1275 3387; baseline 0.006 -17"><span class='ocrx_word' id='word_1_244' title='bbox 187 3306 359 3370; x_wconf 80' lang='lat' dir='ltr'><strong>Acherusia</strong></span> <span class='ocrx_word' id='word_1_245' title='bbox 384 3304 485 3382; x_wconf 70' lang='lat' dir='ltr'><strong>(Plin.</strong></span> <span class='ocrx_word' id='word_1_246' title='bbox 514 3321 571 3379; x_wconf 84' lang='lat'>111,</span> <span class='ocrx_word' id='word_1_247' title='bbox 595 3306 618 3367; x_wconf 81' lang='lat'>6</span> <span class='ocrx_word' id='word_1_248' title='bbox 644 3301 851 3368; x_wconf 84' lang='lat' dir='ltr'><strong>‘Acherusia</strong></span> <span class='ocrx_word' id='word_1_249' title='bbox 874 3306 972 3387; x_wconf 91' lang='lat' dir='ltr'><strong>palus</strong></span> <span class='ocrx_word' id='word_1_250' title='bbox 1000 3305 1118 3372; x_wconf 89' lang='lat' dir='ltr'><strong>Cumis</strong></span> <span class='ocrx_word' id='word_1_251' title='bbox 1143 3309 1275 3386; x_wconf 84' lang='lat' dir='ltr'><strong>ricina’),</strong></span> 
     </span>
     <span class='ocr_line' id='line_1_31' title="bbox 184 3405 1276 3489; baseline 0.006 -20"><span class='ocrx_word' id='word_1_252' title='bbox 184 3428 285 3489; x_wconf 84' lang='lat' dir='ltr'><strong>quam</strong></span> <span class='ocrx_word' id='word_1_253' title='bbox 308 3407 409 3470; x_wconf 87' lang='lat' dir='ltr'><strong>Silius</strong></span> <span class='ocrx_word' id='word_1_254' title='bbox 435 3421 474 3480; x_wconf 73' lang='grc' dir='ltr'><strong>Χ,</strong></span> <span class='ocrx_word' id='word_1_255' title='bbox 501 3405 673 3469; x_wconf 71' lang='lat'>126-129</span> <span class='ocrx_word' id='word_1_256' title='bbox 696 3411 730 3468; x_wconf 90' lang='lat' dir='ltr'><strong>et</strong></span> <span class='ocrx_word' id='word_1_257' title='bbox 755 3420 843 3482; x_wconf 61' lang='lat'>5111,</span> <span class='ocrx_word' id='word_1_258' title='bbox 867 3406 931 3470; x_wconf 75' lang='lat'><strong>397</strong></span> <span class='ocrx_word' id='word_1_259' title='bbox 952 3407 1079 3471; x_wconf 90' lang='lat' dir='ltr'><strong>aditum</strong></span> <span class='ocrx_word' id='word_1_260' title='bbox 1097 3409 1143 3473; x_wconf 86' lang='lat' dir='ltr'><strong>ad</strong></span> <span class='ocrx_word' id='word_1_261' title='bbox 1162 3411 1276 3475; x_wconf 76' lang='lat' dir='ltr'><strong>lutens</strong></span> 
     </span>
     <span class='ocr_line' id='line_1_32' title="bbox 184 3505 1277 3597; baseline 0.008 -29"><span class='ocrx_word' id='word_1_262' title='bbox 184 3527 256 3569; x_wconf 89' lang='lat' dir='ltr'><strong>esse</strong></span> <span class='ocrx_word' id='word_1_263' title='bbox 271 3506 426 3591; x_wconf 91' lang='lat' dir='ltr'><strong>prodidit,</strong></span> <span class='ocrx_word' id='word_1_264' title='bbox 440 3524 544 3588; x_wconf 84' lang='lat' dir='ltr'><strong>aquas</strong></span> <span class='ocrx_word' id='word_1_265' title='bbox 559 3505 685 3569; x_wconf 84' lang='lat' dir='ltr'><strong>habens</strong></span> <span class='ocrx_word' id='word_1_266' title='bbox 699 3506 908 3588; x_wconf 86' lang='lat' dir='ltr'><strong>ferrugineas,</strong></span> <span class='ocrx_word' id='word_1_267' title='bbox 930 3509 964 3571; x_wconf 91' lang='lat' dir='ltr'><strong>in</strong></span> <span class='ocrx_word' id='word_1_268' title='bbox 978 3509 1050 3573; x_wconf 89' lang='lat' dir='ltr'><strong>solo</strong></span> <span class='ocrx_word' id='word_1_269' title='bbox 1065 3512 1172 3576; x_wconf 83' lang='lat' dir='ltr'><strong>sterili</strong></span> <span class='ocrx_word' id='word_1_270' title='bbox 1186 3532 1277 3597; x_wconf 77' lang='lat' dir='ltr'><strong>popu</strong></span> 
     </span>
     <span class='ocr_line' id='line_1_33' title="bbox 183 3606 1279 3693; baseline 0.009 -24"><span class='ocrx_word' id='word_1_271' title='bbox 183 3607 226 3670; x_wconf 87' lang='lat' dir='ltr'><strong>lis</strong></span> <span class='ocrx_word' id='word_1_272' title='bbox 240 3608 365 3689; x_wconf 89' lang='lat' dir='ltr'><strong>passim</strong></span> <span class='ocrx_word' id='word_1_273' title='bbox 381 3608 519 3670; x_wconf 88' lang='lat' dir='ltr'><strong>consito.</strong></span> <span class='ocrx_word' id='word_1_274' title='bbox 565 3606 706 3671; x_wconf 85' lang='lat' dir='ltr'><strong>Omnino</strong></span> <span class='ocrx_word' id='word_1_275' title='bbox 734 3609 832 3673; x_wconf 84' lang='lat' dir='ltr'><strong>‘loca</strong></span> <span class='ocrx_word' id='word_1_276' title='bbox 856 3611 940 3674; x_wconf 88' lang='lat' dir='ltr'><strong>soeta</strong></span> <span class='ocrx_word' id='word_1_277' title='bbox 964 3612 1172 3693; x_wconf 88' lang='lat' dir='ltr'><strong>palustribus</strong></span> <span class='ocrx_word' id='word_1_278' title='bbox 1192 3615 1279 3685; x_wconf 73' lang='lat' dir='ltr'><strong>ulvis,</strong></span> 
     </span>
     <span class='ocr_line' id='line_1_34' title="bbox 184 3707 1282 3792; baseline 0.009 -20"><span class='ocrx_word' id='word_1_279' title='bbox 184 3708 312 3773; x_wconf 79' lang='lat' dir='ltr'><strong>Littera</strong></span> <span class='ocrx_word' id='word_1_280' title='bbox 326 3707 510 3772; x_wconf 87' lang='lat' dir='ltr'><strong>Cumarum’</strong></span> <span class='ocrx_word' id='word_1_281' title='bbox 527 3711 717 3792; x_wconf 86' lang='lat' dir='ltr'><strong>pronuntiat</strong></span> <span class='ocrx_word' id='word_1_282' title='bbox 732 3711 877 3775; x_wconf 81' lang='lat' dir='ltr'><strong>ovidius</strong></span> <span class='ocrx_word' id='word_1_283' title='bbox 894 3711 977 3777; x_wconf 86' lang='lat' dir='ltr'><strong>Met.</strong></span> <span class='ocrx_word' id='word_1_284' title='bbox 994 3716 1172 3791; x_wconf 78' lang='lat' dir='ltr'><strong>xlv,103.</strong></span> <span class='ocrx_word' id='word_1_285' title='bbox 1195 3715 1282 3781; x_wconf 74' lang='lat' dir='ltr'><strong>Phre-</strong></span> 
     </span>
     <span class='ocr_line' id='line_1_35' title="bbox 184 3810 1286 3902; baseline 0.008 -28"><span class='ocrx_word' id='word_1_286' title='bbox 184 3810 344 3894; x_wconf 81' lang='lat' dir='ltr'><strong>gethontis</strong></span> <span class='ocrx_word' id='word_1_287' title='bbox 368 3817 400 3873; x_wconf 90' lang='lat' dir='ltr'><strong>ct</strong></span> <span class='ocrx_word' id='word_1_288' title='bbox 422 3811 542 3894; x_wconf 84' lang='lat' dir='ltr'><strong>Cocyti</strong></span> <span class='ocrx_word' id='word_1_289' title='bbox 567 3814 733 3876; x_wconf 90' lang='lat' dir='ltr'><strong>notionem</strong></span> <span class='ocrx_word' id='word_1_290' title='bbox 755 3815 874 3878; x_wconf 89' lang='lat' dir='ltr'><strong>animis</strong></span> <span class='ocrx_word' id='word_1_291' title='bbox 894 3816 1032 3879; x_wconf 89' lang='lat' dir='ltr'><strong>attulere</strong></span> <span class='ocrx_word' id='word_1_292' title='bbox 1046 3816 1150 3882; x_wconf 88' lang='lat' dir='ltr'><strong>calidi</strong></span> <span class='ocrx_word' id='word_1_293' title='bbox 1163 3820 1286 3902; x_wconf 79' lang='lat' dir='ltr'><strong>possim</strong></span> 
     </span>
     <span class='ocr_line' id='line_1_36' title="bbox 182 3909 1291 4004; baseline 0.007 -27"><span class='ocrx_word' id='word_1_294' title='bbox 182 3915 304 3977; x_wconf 78' lang='lat' dir='ltr'><strong>sontes.</strong></span> <span class='ocrx_word' id='word_1_295' title='bbox 340 3909 392 3975; x_wconf 87' lang='lat' dir='ltr'><strong>Ct&#39;.</strong></span> <span class='ocrx_word' id='word_1_296' title='bbox 409 3912 530 3976; x_wconf 90' lang='lat' dir='ltr'><strong>Strabo</strong></span> <span class='ocrx_word' id='word_1_297' title='bbox 544 3914 566 3976; x_wconf 97' lang='lat' dir='ltr'><strong>l.</strong></span> <span class='ocrx_word' id='word_1_298' title='bbox 581 3934 612 3978; x_wconf 91' lang='lat' dir='ltr'><strong>c.</strong></span> <span class='ocrx_word' id='word_1_299' title='bbox 627 3936 662 3998; x_wconf 94' lang='lat' dir='ltr'><strong>p.</strong></span> <span class='ocrx_word' id='word_1_300' title='bbox 678 3915 743 3978; x_wconf 71' lang='lat'><strong>214</strong></span> <span class='ocrx_word' id='word_1_301' title='bbox 759 3932 791 3991; x_wconf 87' lang='lat' dir='ltr'><strong>c,</strong></span> <span class='ocrx_word' id='word_1_302' title='bbox 806 3917 863 3998; x_wconf 93' lang='lat' dir='ltr'><strong>qui</strong></span> <span class='ocrx_word' id='word_1_303' title='bbox 879 3917 990 3999; x_wconf 83' lang='lat' dir='ltr'><strong>Stygis</strong></span> <span class='ocrx_word' id='word_1_304' title='bbox 1005 3937 1141 4000; x_wconf 87' lang='lat' dir='ltr'><strong>quoque</strong></span> <span class='ocrx_word' id='word_1_305' title='bbox 1156 3939 1291 4004; x_wconf 80' lang='lat' dir='ltr'><strong>aquam,</strong></span> 
     </span>
     <span class='ocr_line' id='line_1_37' title="bbox 184 4015 1295 4098; baseline 0 -19"><span class='ocrx_word' id='word_1_306' title='bbox 184 4015 344 4097; x_wconf 88' lang='lat' dir='ltr'><strong>adquam</strong></span> <span class='ocrx_word' id='word_1_307' title='bbox 358 4015 526 4077; x_wconf 86' lang='lat' dir='ltr'><strong>oraculum</strong></span> <span class='ocrx_word' id='word_1_308' title='bbox 542 4015 708 4079; x_wconf 90' lang='lat' dir='ltr'><strong>conditum</strong></span> <span class='ocrx_word' id='word_1_309' title='bbox 733 4024 804 4080; x_wconf 81' lang='lat' dir='ltr'><strong>erat</strong></span> <span class='ocrx_word' id='word_1_310' title='bbox 825 4019 888 4095; x_wconf 76' lang='lat' dir='ltr'><strong>(nal</strong></span> <span class='ocrx_word' id='word_1_311' title='bbox 910 4020 942 4080; x_wconf 78' lang='grc' dir='ltr'><strong>τὸ</strong></span> <span class='ocrx_word' id='word_1_312' title='bbox 964 4022 1092 4098; x_wconf 77' lang='grc' dir='ltr'><strong>μαντεῖον</strong></span> <span class='ocrx_word' id='word_1_313' title='bbox 1108 4020 1227 4084; x_wconf 73' lang='grc' dir='ltr'><strong>ἐνταῦθά</strong></span> <span class='ocrx_word' id='word_1_314' title='bbox 1239 4037 1295 4084; x_wconf 72' lang='lat' dir='ltr'><strong>m</strong></span> 
     </span>
    </p>
   </div>
   <div class='ocr_carea' id='block_1_5' title="bbox 181 4114 1300 4205">
    <p class='ocr_par' dir='ltr' id='par_1_5' title="bbox 181 4114 1300 4205">
     <span class='ocr_line' id='line_1_38' title="bbox 181 4114 1300 4205; baseline 0.01 -29"><span class='ocrx_word' id='word_1_315' title='bbox 181 4114 318 4204; x_wconf 66' lang='lat' dir='ltr'><strong>ligetur),</strong></span> <span class='ocrx_word' id='word_1_316' title='bbox 332 4117 381 4182; x_wconf 90' lang='lat' dir='ltr'><strong>ihi</strong></span> <span class='ocrx_word' id='word_1_317' title='bbox 394 4117 496 4184; x_wconf 78' lang='lat' dir='ltr'><strong>luisse</strong></span> <span class='ocrx_word' id='word_1_318' title='bbox 511 4137 556 4181; x_wconf 80' lang='lat' dir='ltr'><strong>ex</strong></span> <span class='ocrx_word' id='word_1_319' title='bbox 570 4116 705 4202; x_wconf 84' lang='lat' dir='ltr'><strong>Ephoro</strong></span> <span class='ocrx_word' id='word_1_320' title='bbox 720 4118 828 4186; x_wconf 87' lang='lat' dir='ltr'><strong>tradit.</strong></span> <span class='ocrx_word' id='word_1_321' title='bbox 853 4120 907 4187; x_wconf 85' lang='lat' dir='ltr'><strong>Gs.</strong></span> <span class='ocrx_word' id='word_1_322' title='bbox 922 4120 1048 4205; x_wconf 88' lang='lat' dir='ltr'><strong>Odyss.</strong></span> <span class='ocrx_word' id='word_1_323' title='bbox 1064 4128 1105 4201; x_wconf 81' lang='grc' dir='ltr'><strong>Κ,</strong></span> <span class='ocrx_word' id='word_1_324' title='bbox 1119 4124 1199 4189; x_wconf 80' lang='grc'><strong>513.</strong></span> <span class='ocrx_word' id='word_1_325' title='bbox 1213 4125 1300 4190; x_wconf 73' lang='lat'><strong>514·</strong></span> 
     </span>
    </p>
   </div>
   <div class='ocr_carea' id='block_1_6' title="bbox 0 0 1339 4686">
    <p class='ocr_par' dir='ltr' id='par_1_6' title="bbox 0 0 1339 4686">
     <span class='ocr_line' id='line_1_39' title="bbox 0 0 1339 4686; baseline 0 0"><span class='ocrx_word' id='word_1_326' title='bbox 0 0 1339 4686; x_wconf 95' lang='lat' dir='ltr'><strong> </strong></span> 
     </span>
    </p>
   </div>
  </div>
 </body>
</html>
