2664 4686
343 147 346 151 -
454 117 700 175 anarrinon
740 119 819 177 ιιι.
842 120 868 168 ι.
1124 105 1212 170 4007

112 264 203 337 rum
226 264 320 348 apua
343 261 475 353 unum
501 262 679 346 descriptio
703 264 800 329 rseus
824 267 939 346 mnus
962 267 1013 328 aa
1033 263 1212 355 nureroco
1258 226 1264 239 ’

114 367 301 443 simillima:
320 366 382 430 lib.
403 381 516 442 xxvr,
539 365 583 428 43
605 363 781 428 ‘Getemm
805 366 871 429 sita
891 363 1054 446 Carthago
1077 367 1126 430 sic
1149 373 1211 432 est.

114 465 215 532 Sinus
228 473 280 530 est
293 470 394 532 maris
414 468 611 531 mediatore
634 453 811 550 Hispaniae
836 486 904 545 ora,
923 467 1068 531 maxime
1092 464 1210 533 Africo

112 572 214 637 rento
235 568 410 650 oppositus
431 573 465 633 et
486 570 684 650 quingentos
711 588 833 651 passus
862 570 1019 631 introrsus
1040 572 1212 647 retractus,

111 667 254 752 -lrnjus
268 671 303 731 in
317 671 402 733 ostio
417 670 521 747 ainus,
542 689 647 754 parva
660 670 768 734 insula
788 671 922 755 objecta
935 669 978 733 ab
994 669 1061 733 alto
1080 675 1213 752 portum

112 770 154 831 ab
184 770 338 832 omnibus
368 770 487 847 ventis,
512 777 733 854 praeterquam
760 769 886 848 Africo,
916 775 1023 835 tutum
1050 770 1143 849 facit,
1161 771 1212 836 ‘ab

112 870 228 935 intimo
242 870 319 934 sinu
332 872 505 954 peninsula
519 873 675 950 excurrit,
698 874 842 936 tumulus
856 873 886 936 is
900 875 984 956 ipse,
1002 874 1037 935 in
1051 891 1118 956 qno
1133 891 1212 936 con-

114 969 182 1036 dita
200 973 281 1036 urbs
296 972 367 1038 est!
412 969 630 1058 Prospectum
652 975 743 1055 urbis
766 973 962 1040 delineatum
981 973 1073 1038 dedit
1093 972 1212 1040 cerda.

112 1067 300 1137 cestuum
317 1090 383 1151 xa,
397 1075 581 1140 aaa-229.
626 1073 818 1140 Addisonus
834 1074 1017 1159 (Remarks
1031 1093 1075 1138 on
1088 1075 1215 1141 several

111 1171 212 1238 Parte
232 1174 273 1238 of
290 1175 390 1260 Italy,
415 1198 449 1261 p.
464 1165 529 1242 153
544 1185 631 1261 sqq.)
655 1179 761 1241 sinum
783 1176 947 1262 Neapolis
968 1178 1059 1243 urbis
1081 1175 1215 1259 Virgilii

112 1276 220 1340 oculis
244 1296 319 1342 esse
341 1280 552 1344 obversatum
572 1280 731 1363 putabat;
754 1300 816 1345 nec
840 1280 883 1343 ab
905 1299 946 1344 eo
970 1279 1133 1356 dissentit,
1155 1280 1213 1363 qui

111 1375 184 1441 haec
199 1378 276 1442 loca
290 1379 383 1457 adiit,
405 1379 578 1445 Grosleius
593 1380 795 1459 (Nouveaux
813 1381 995 1446 Memoires
1010 1378 1212 1457 sml’ltalie,

110 1476 153 1542 Τ.
171 1495 213 1556 ιι,
238 1499 273 1562 p.
287 1481 362 1545 105.
386 1481 465 1561 106)
488 1486 522 1547 et
544 1487 653 1566 potest
675 1482 737 1545 hoc
752 1482 898 1565 speciem
913 1482 1057 1565 aliquam
1078 1479 1214 1559 habere,

109 1581 140 1651 si
167 1581 302 1664 poetam
330 1582 475 1667 Neapoli
505 1585 608 1648 otium
635 1603 731 1648 snum
759 1584 983 1649 consumsisse
1010 1587 1152 1667 reputes,
1181 1590 1215 1649 et

111 1681 254 1765 Capreae
269 1685 411 1748 insulam
425 1685 527 1769 objici
541 1684 642 1749 littori
656 1685 821 1749 montibus
835 1690 867 1748 et
890 1685 994 1770 sylvis
1006 1686 1131 1750 munito
1144 1704 1213 1749 me·

110 1783 256 1855 mineris.
292 1783 336 1846 In
348 1783 401 1847 his
414 1790 525 1852 tamen
537 1786 689 1849 omnibns
703 1785 862 1850 nonnulla
876 1792 965 1863 sunt,
981 1806 1057 1869 quae
1072 1787 1213 1870 probare

110 1885 169 1948 vix
184 1886 306 1966 possis.
350 1884 476 1948 Parum
500 1885 686 1968 sapientem
708 1904 891 1969 parumque
913 1904 1055 1968 gnavum
1078 1885 1218 1968 poetam-

112 1983 222 2062 dicas,
237 1985 295 2069 qni
310 1984 347 2046 in
364 1984 471 2048 littora
494 1983 604 2048 Italiae
627 1986 768 2068 objecto,
790 1984 880 2068 qnod
903 1984 1052 2067 quotidie
1073 1985 1214 2074 totno-

110 2086 202 2160 mani
218 2085 471 2169 frequentarent,
496 2085 649 2166 quodque
673 2084 758 2147 adeo
779 2084 988 2148 notissimum
1010 2090 1099 2150 esset
1120 2089 1213 2165 (nam

112 2185 208 2251 aliter
220 2205 273 2250 res
288 2205 326 2249 se
339 2185 473 2250 haberet
487 2186 521 2248 in
536 2186 650 2266 ignota
663 2183 819 2267 regione),
841 2185 941 2248 vellet
960 2185 1071 2251 locmn
1091 2186 1213 2270 tingere
1299 2176 1300 2179 ¹

111 2287 169 2370 qui
182 2287 337 2370 nuspiam
351 2292 450 2363 esset,
472 2291 506 2350 et
520 2289 646 2349 tantum
666 2283 732 2350 hoc
752 2304 858 2369 agere,
880 2291 917 2349 ut
936 2287 1048 2351 locum
1070 2308 1115 2353 ex
1138 2289 1214 2354 Ho-

110 2408 200 2464 mero
214 2388 313 2451 latine
329 2393 538 2452 converteret.
572 2387 679 2452 Simili
694 2388 820 2452 ratione
834 2387 1072 2474 Nympharum
1083 2396 1214 2457 anunm

111 2488 200 2572 apud
223 2487 406 2551 Homerum
431 2487 564 2570 politica
582 2488 714 2551 licentia
736 2487 878 2553 effictum
893 2491 987 2555 multi
1001 2493 1155 2573 volnere3
1180 2498 1216 2556 at

109 2590 270 2654 habemus
284 2587 480 2654 Artemidori
499 2585 637 2672 Ephesii
652 2589 751 2653 fidem
774 2609 830 2673 ap.
852 2591 1013 2676 Porphyr.
1039 2592 1080 2656 de
1105 2584 1213 2659 AJN.

111 2711 188 2774 cap.
200 2693 233 2768 4,
249 2709 316 2774 qua
330 2696 458 2755 constat
472 2711 585 2754 verum
599 2691 697 2775 hujus
709 2692 939 2776 descriptionis
951 2695 1087 2758 frmdnm
1098 2693 1222 2759 fnisse:

112 2791 214 2871 Quod
242 2790 420 2876 descriptio
445 2813 544 2876 porro
572 2793 639 2857 loci
664 2813 739 2858 cum
767 2796 834 2857 situ
862 2800 977 2877 portus
1007 2793 1215 2876 Carthaginis

111 2913 210 2959 norae
224 2901 259 2959 et
272 2892 466 2976 Neapelcos
490 2895 655 2970 convenit,
678 2893 712 2957 id
728 2894 847 2957 mirum
860 2913 927 2958 non
943 2902 1009 2971 est,
1034 2914 1110 2959 cum
1131 2897 1215 2961 mul-
1314 2921 1315 2924 ¹

113 3000 219 3059 torum
233 2974 385 3079 portuum
400 2994 487 3058 idem
502 2996 586 3060 sitne
601 2997 655 3074 sit,
671 2996 771 3077 idque
786 3015 848 3078 pro
872 2997 1150 3080 praestantissimo
1164 2996 1215 3061 fa-

113 3096 178 3167 cile
191 3100 308 3180 portus
330 3115 448 3178 genere
463 3097 630 3174 habeamr,
654 3095 744 3179 quod
770 3096 904 3179 objectu
918 3095 1037 3160 insulae
1051 3093 1188 3160 efficitrn
1205 3120 1213 3163 ε

113 3197 304 3280 cujusmodi
332 3199 464 3282 plurimi
487 3199 661 3262 memorari
690 3203 827 3281 possunt
855 3203 981 3281 portus.
1015 3189 1121 3260 ¹'l'alis
1145 3205 1217 3262 erat

113 3295 291 3377 Brundisii,
306 3299 348 3364 de
363 3318 431 3382 qno
444 3319 478 3363 v.
494 3298 621 3373 Lucan.
639 3315 679 3375 11,
693 3298 878 3373 ala-621,
894 3295 1109 3364 Alexandriae
1124 3297 1214 3363 Caes.

114 3398 155 3465 B.
172 3397 258 3465 cie·
268 3417 325 3479 ιιι,
340 3401 416 3465 112.
451 3400 590 3464 Maneat
602 3401 727 3483 itaque,
741 3401 805 3463 etsi
819 3419 903 3463 nnnc
918 3401 1083 3483 ignoratur
1095 3398 1216 3462 littoris

112 3500 211 3588 hnjns
227 3501 346 3588 libyci
359 3522 439 3568 vera
452 3505 548 3581 ratio,
571 3506 628 3566 aut
640 3503 814 3568 immutata
827 3507 878 3565 est
899 3502 972 3587 ejus
995 3502 1098 3566 facies
1120 3503 1215 3564 natu·

114 3605 237 3669 talibus
259 3604 301 3668 de
324 3605 446 3684 causis,
470 3603 650 3687 Virgilium
672 3610 784 3669 tamen
806 3605 875 3668 veri
896 3606 963 3669 loci
977 3606 1078 3669 situm
1101 3601 1215 3666 adum-

115 3705 237 3784 brasse,
258 3721 448 3791 quanquam
463 3705 586 3773 additis
600 3706 684 3773 sorte
697 3707 874 3784 nonnullis,
898 3727 973 3791 quaa
986 3705 1030 3769 ad
1050 3701 1216 3787 politicam

117 3807 338 3873 amoenitatem
353 3814 387 3874 et
400 3814 550 3875 ornatum
564 3808 726 3890 tacerent;
746 3806 848 3892 qnod,
869 3812 907 3870 nt
927 3804 1038 3890 polita,
1060 3805 1147 3866 recte
1165 3800 1216 3876 la·¹

119 3924 189 3975 cora
203 3911 322 3992 potnit.
