2664 4686
157 282 245 354 tuos
501 292 521 333 -’
570 293 769 352 excussos
793 296 844 350 rr.
881 293 892 337 ·.

156 464 276 530 mogus
287 444 419 511 trubote
431 440 741 524 suntionmnnnia
754 450 893 510 mortem
905 441 1072 520 intentant,
1096 443 1262 526 mummu-

156 549 258 614 tioum
272 547 419 629 aliquam
433 545 649 612 subtilitatem
670 539 874 610 olienissimo
897 547 972 610 loco
994 547 1261 608 interserenteml

157 648 309 714 Sensisse
323 649 385 713 hoo
399 647 503 731 frigus
512 648 585 733 jum
599 649 684 713 elios
697 668 764 712 non
777 648 912 726 dubito3
935 652 967 710 et
980 644 1119 709 eundern
1127 665 1261 710 sensum

158 768 195 814 so
209 750 332 813 habere
345 750 484 834 privetis
499 749 677 832 aliqnando
691 748 735 812 ad
749 768 802 811 me
815 749 932 812 litteris
946 745 1157 828 significabat
1170 745 1261 810 Arti-

152 841 215 919 'um
227 854 310 916 inter
324 852 502 936 populares
516 857 647 916 nostros
669 853 860 934 sospitator,
884 849 1130 934 Hagedornius.
1174 847 1261 914 Cum

158 959 271 1020 entem
295 955 354 1039 viu
376 953 549 1038 probabile
563 954 618 1030 sit,
639 952 704 1017 hoc
718 945 815 1016 sensu
829 971 966 1017 vocasse
980 949 1116 1034 politum
1130 951 1261 1032 elegun-

156 1053 278 1121 tissimi
292 1055 425 1137 ingenii,
442 1053 634 1119 Maronem:
657 1055 841 1139 suspicioni
863 1056 958 1119 locus
983 1057 1044 1130 est,
1066 1057 1172 1117 totum
1186 1073 1261 1117 ver·

157 1175 231 1222 sum
248 1156 370 1221 amalo
383 1175 484 1219 manu
495 1175 570 1221 esse
584 1156 722 1220 illatum.
821 1162 825 1169 ’

202 1257 269 1323 Sed
283 1259 349 1322 alie
364 1256 538 1322 difficultas
553 1258 696 1322 occurrit
716 1260 750 1322 in
770 1258 919 1322 locorum
942 1275 981 1320 sc
1006 1259 1178 1319 ventorum
1205 1253 1263 1320 dee

159 1361 349 1442 scriptione.
393 1359 477 1422 Tres
489 1378 592 1423 nares
610 1356 710 1422 Notus
724 1361 759 1423 in
774 1359 858 1422 Arar
874 1359 1016 1442 obripit3
1038 1357 1131 1439 atqui
1146 1357 1190 1420 ud
1204 1376 1263 1422 eas

159 1458 280 1547 Aquilo
294 1461 378 1525 ferro
398 1461 542 1525 debebat
554 1481 657 1526 noves
672 1482 695 1526 a
716 1460 834 1526 Sicilia
848 1463 883 1525 in
897 1460 1000 1525 ultum
1013 1463 1157 1523 evectas.
1194 1459 1263 1523 Vo-

156 1579 231 1627 rum
245 1569 279 1627 et
290 1561 346 1627 hio
364 1559 483 1624 Notum
496 1567 616 1626 temere
630 1582 693 1646 pro
715 1579 925 1646 quocumque
938 1565 1036 1625 rento
1055 1579 1189 1643 ponere*
1202 1582 1264 1645 po-

157 1663 238 1752 tuit3
259 1666 296 1725 nt
310 1663 387 1726 AEn.
406 1679 440 1739 v,
463 1662 627 1726 2AEnens
650 1682 695 1727 ex
709 1660 954 1727 Airiooversus
974 1661 1105 1724 Italiam
1127 1661 1265 1728 tendens

158 1763 301 1828 ‘flnctus
316 1761 482 1847 Aquilone
497 1763 656 1829 secubet!
700 1764 816 1830 Potuit
837 1765 937 1830 etiam
960 1763 1078 1828 classis
1098 1762 1172 1846 jum
1192 1770 1265 1830 tum

87 1908 91 1917 »
159 1865 204 1930 ud
227 1865 450 1930 occidentales
472 1866 527 1930 vel
552 1866 724 1932 Ausones
747 1865 888 1930 Aratum
910 1872 1021 1950 partes
1044 1864 1155 1928 deleta
1175 1885 1264 1944 esse,

156 1965 244 2031 nude
258 1964 369 2029 Notus
383 1966 417 2028 in
430 1963 521 2029 Aras
535 1967 742 2050 propelleret⁴
787 1967 895 2031 Paulo
908 1973 987 2051 post
1009 1987 1043 2031 v.
1068 1966 1133 2030 114
1155 1964 1265 2030 Eurus

158 2069 225 2131 tres
239 2067 323 2130 elias
336 2085 440 2130 nares
463 2067 518 2128 ‘in
531 2067 647 2129 breuia
660 2074 694 2131 et
715 2066 829 2150 syrtes
851 2068 929 2149 ugit.
971 2065 1051 2130 Jem
1071 2065 1173 2146 vulgo
1193 2086 1266 2129 onr-

157 2166 227 2245 lues,
243 2171 405 2249 quotquot
417 2164 500 2243 vidi,
514 2165 706 2247 interpretes
728 2165 843 2248 Syrtes
864 2166 1061 2249 proprisitn
1073 2164 1183 2230 dictas
1204 2163 1265 2249 (de

157 2266 279 2350 quibus
296 2285 328 2329 v.
344 2265 480 2331 Sallust.
493 2265 573 2348 lug.
587 2262 648 2349 78)
672 2264 867 2347 intelligunt.
912 2265 1100 2342 mnmrero,
1113 2271 1163 2330 ut·
1173 2271 1265 2331 moe-

159 2385 226 2444 sm,
239 2368 283 2432 ab
293 2366 492 2432 occidentali
506 2366 633 2431 Sicilire
647 2366 756 2431 littore
779 2373 959 2450 provectos
984 2364 1188 2432 Eurumnon
1202 2381 1265 2450 po·-

159 2469 263 2532 tuisse
277 2467 321 2532 ad
335 2469 396 2532 hos
416 2475 527 2552 partes
540 2469 712 2550 abripere3
733 2468 813 2532 linio
826 2470 913 2533 enim
927 2452 1122 2533 dubitationi
1136 2466 1265 2543 eodem,

160 2587 227 2652 qno
256 2569 358 2651 poulo
387 2573 463 2630 oute
490 2568 544 2630 usi
574 2586 700 2644 sumus,
728 2568 827 2632 modo
856 2569 983 2633 occurri
1008 2573 1138 2651 potost3
1160 2573 1264 2648 omni,

160 2673 320 2752 qnantum
334 2667 445 2745 rideo,
469 2669 699 2751 geographicas
722 2671 841 2733 rationi
855 2670 927 2734 hoc·
940 2675 1109 2752 repugnat,
1133 2676 1172 2735 ut
1192 2677 1266 2734 tem

155 2769 284 2851 ingenti
298 2770 438 2832 marium
451 2771 561 2851 spatio
575 2769 619 2832 sd
634 2768 763 2854 Syrtsm
785 2772 955 2847 minorem,
980 2771 1086 2834 multo
1106 2773 1214 2854 magis
1229 2780 1266 2838 ut

160 2867 205 2931 ad
230 2869 400 2953 majorem,
425 2868 535 2932 delata
557 2867 774 2954 'll'ojenornm
799 2871 918 2935 classis
942 2891 1021 2955 pers
1048 2871 1158 2949 suerit,
1187 2891 1266 2936 oum

153 2967 265 3034 ultera
276 2987 355 3053 pars
370 2965 461 3045 Aris,
476 2969 508 3032 h.
523 2990 552 3034 e.
567 2970 684 3034 insulis
699 2969 891 3054 Carthagini
913 2972 1076 3050 obversis,
1101 2971 1266 3038 odhoesis-

159 3076 221 3136 set.
268 3070 371 3135 Porro
392 3076 585 3154 tempestate
599 3072 717 3137 sedete
725 3075 861 3157 jectutse
875 3094 978 3139 nores
992 3094 1025 3136 v.
1040 3075 1106 3139 162
1116 3073 1265 3157 proxima

161 3169 272 3234 littora
293 3177 403 3252 petere
417 3169 590 3249 (licuntur3
613 3177 648 3235 et
661 3173 835 3257 appellunt
859 3194 937 3237 sane
962 3174 1030 3238 illae
1055 3175 1099 3238 ed
1125 3173 1265 3240 Gurtho-

160 3270 296 3352 ginense
321 3271 425 3334 littus.
469 3269 518 3333 At
539 3279 695 3354 quantum
717 3275 837 3338 littoris
858 3275 921 3338 hoc
945 3279 1033 3338 esset
1055 3276 1265 3342 intervallum

160 3371 244 3434 inter
268 3369 501 3449 Carthaginem
526 3377 560 3435 ot
585 3372 709 3456 Syrtim
734 3375 913 3439 minorem!
935 3395 1015 3439 nem
1038 3376 1147 3460 major
1159 3376 1265 3442 multo

153 3470 261 3537 etium
274 3471 402 3551 longius
415 3478 553 3536 renota.
597 3472 675 3550 Quo
689 3474 837 3553 officitur,
852 3482 899 3553 ut,
914 3478 978 3540 nisi
992 3475 1093 3559 polito
1107 3477 1266 3543 dormitu-

160 3570 211 3635 vit
223 3568 330 3652 (quod
345 3570 412 3634 sore
425 3578 487 3648 est,
510 3581 548 3637 ut
570 3578 725 3655 verearis,
752 3579 781 3641 si
806 3578 849 3642 ci.
875 3579 1003 3655 v,192.
1027 3596 1095 3656 vn,
1108 3579 1187 3644 ³02.
1209 3596 1265 3657 vr,

155 3670 205 3751 ,60
226 3689 301 3732 cum
318 3688 352 3746 r,
365 3672 418 3734 51.
443 3689 493 3748 ιν,
507 3672 578 3757 41),
601 3676 715 3759 Syrtes
729 3679 846 3742 saltem
861 3679 1062 3762 appellative
1082 3678 1124 3743 de
1148 3698 1266 3745 areno-

160 3774 208 3838 sis
221 3773 305 3836 locis
320 3773 584 3856 quibuscumque
597 3780 821 3862 accipiamus3
845 3800 940 3863 quem
955 3782 989 3843 in
1003 3781 1140 3845 modum
1152 3781 1267 3864 Syrtin

159 3873 263 3951 illam,
278 3873 312 3935 in
326 3891 426 3955 quam
450 3875 575 3938 ἐκπεσεῖν
599 3879 692 3942 timet
713 3881 809 3944 nevis
824 3880 978 3945 Paullum
992 3887 1088 3945 vecta
1099 3880 1178 3947 Act.
1194 3879 1265 3965 Ap.

161 3989 291 4053 xxvii,
315 3977 370 4053 17,
393 3973 436 4036 ue
460 3976 537 4040 loco
561 3979 675 4062 aliquo
688 4000 827 4046 arenoso
841 3984 931 4046 circo
944 3980 1264 4062 Claudeninsnlum,

161 4093 226 4140 uon
250 4078 292 4149 de
318 4074 449 4162 magnis
474 4076 639 4162 syrtibus,
668 4082 897 4167 accipiendam
924 4089 1090 4168 putemus.
1143 4083 1265 4167 Fuimo
