2664 4686
409 331 462 380 nn
483 330 656 383 ursinos
679 330 755 383 nur.
778 332 846 382 vn.
1089 318 1179 401 um

65 477 239 559 anepos
263 472 403 557 perusa
426 472 592 557 pueram
615 482 668 539 est
691 476 822 553 (ereo
843 474 1179 565 mpure..
1240 548 1243 555 ,
1290 454 1304 489 ”

67 576 235 643 excedere
247 595 372 660 pugna,
388 572 433 641 Et
445 575 581 641 fluvium
599 581 721 660 petere,
742 597 784 645 ac
804 584 932 662 partem
946 598 1024 663 que
1038 582 1181 665 cingitur

69 676 210 759 amni');
231 677 309 741 inde
323 678 411 741 enim
431 696 469 741 se
489 677 526 741 in
543 675 691 741 Tiberim
704 678 792 743 saltu
804 679 954 745 immittit
965 697 1000 745 r.
1015 679 1093 747 815.
1137 682 1181 753 ΙΙ

69 777 227 863 proximo
241 777 406 842 subducta
420 782 490 842 erat
503 777 621 841 classis
642 776 875 862 mojanomm,
890 799 1008 863 aggere
1021 783 1134 851 cinola
1145 790 1182 857 et

30 922 35 927 -
70 878 177 949 llario
198 885 273 947 tuta
287 896 343 958 rx,
358 879 403 945 68
416 900 469 962 sq.
499 877 683 959 ‘Classem
697 899 775 963 qum
796 881 893 947 lateri
917 887 1099 949 castrorum
1118 884 1181 955 ad.

66 979 190 1065 juncta
200 982 337 1059 latebat,
349 979 538 1063 Aggeribus
552 987 681 1066 septam
696 982 820 1047 circum
836 988 870 1047 et
882 983 1070 1051 fluvialibus
1079 985 1180 1057 undis

69 1081 230 1155 Invadit!
273 1081 330 1147 Ab
345 1084 448 1148 altera
461 1088 553 1166 parte
567 1102 659 1149 mare
672 1088 764 1163 erat3
784 1103 863 1149 nam
878 1094 975 1168 porto
995 1092 1180 1157 castrorum

38 1263 41 1269 Ι
68 1182 214 1267 prom
232 1194 331 1267 ponto
353 1189 629 1249 commemoratur
650 1199 708 1261 rr,
726 1184 802 1250 238.
824 1184 869 1250 cf.
890 1184 983 1251 Serv.
998 1186 1044 1251 ad
1064 1206 1095 1251 e.
1108 1188 1132 1253 1.
1144 1193 1181 1257 et

70 1285 118 1349 ad
140 1300 207 1362 vu,
227 1286 281 1350 31.
325 1285 405 1366 Erat
418 1291 528 1351 tamen
542 1305 683 1370 campus
703 1285 785 1351 inter
805 1304 898 1353 mare
918 1292 952 1351 et
972 1293 1081 1357 oasim
1094 1289 1182 1357 satin

70 1391 204 1469 patens,
226 1406 295 1471 quo
318 1385 436 1451 Rutuli
455 1386 588 1451 ordines
610 1387 777 1470 explicare
795 1392 830 1452 et
851 1388 966 1452 urbem
988 1408 1180 1473 oppugnare

69 1491 232 1571 poterant
277 1486 367 1552 Nam
381 1488 517 1571 mojam
537 1493 730 1555 ‘murorum
749 1489 786 1553 iu
805 1497 898 1573 parte
912 1490 1049 1557 sinistra
1061 1490 1180 1577 Oppo-

69 1606 168 1657 mare
183 1588 301 1653 aciem'
320 1596 383 1654 etc.
406 1605 462 1666 rx,
475 1588 552 1655 468.
597 1587 652 1653 Ex
673 1588 737 1654 hoe
758 1590 905 1655 looorum
929 1590 997 1654 situ
1019 1591 1121 1657 etiarn
1138 1591 1181 1657 il·

69 1688 243 1759 manenda
265 1697 317 1755 est
342 1688 423 1755 Nisi
446 1696 481 1756 et
504 1689 641 1776 Euryali
669 1696 829 1761 nocturna
855 1690 1041 1776 profectio:
1074 1712 1108 1759 r·
1133 1692 1181 1761 acl
1245 1701 1252 1711 '

69 1786 130 1859 lib·
147 1804 205 1868 rx,
218 1791 294 1859 me.
1198 1856 1202 1863 .

114 1887 199 1957 Nou
211 1890 306 1973 longe
320 1911 342 1956 a
355 1893 473 1957 caenis
483 1891 537 1957 luis
549 1898 584 1958 et
597 1912 619 1957 a
631 1891 747 1959 Tiberi
761 1912 877 1959 versus
892 1894 1049 1961 orientur
1062 1894 1181 1963 anna

72 1986 286 2070 Laurentum,
308 2012 350 2059 eo
372 1992 448 2057 loco
471 1994 582 2070 sitam,
606 1994 667 2075 qui
689 2012 777 2059 nuuc
800 1992 943 2059 Paterno
960 2000 994 2061 et
1015 1994 1120 2063 Tarm
1141 1992 1180 2081 di

69 2091 218 2159 Paterno
238 2102 385 2173 vocatur,
408 2102 445 2161 ut
466 2094 585 2161 docent
605 2094 739 2162 Cluver.
761 2094 839 2163 Ital.
861 2103 928 2161 ant.
950 2117 984 2179 p.
999 2096 1065 2161 883
1085 2102 1120 2165 et
1132 2112 1180 2167 οι

69 2194 230 2263 Febretto
253 2195 400 2281 Vulpius
427 2196 505 2263 Vel.
531 2196 606 2261 Iat-
632 2196 730 2261 Tom.
752 2213 804 2273 vr,
827 2217 863 2279 p.
887 2196 941 2261 29.
986 2195 1115 2261 Iocum
1140 2196 1179 2263 8.

68 2294 223 2363 Inrmzo
247 2298 306 2363 alii
333 2318 507 2381 perperam
534 2297 691 2363 laurenti
722 2297 865 2379 vestigia
888 2298 1009 2363 habere
1030 2296 1179 2365 credide·

68 2401 158 2463 runt.
201 2395 258 2463 Ad
277 2401 391 2463 urbem
407 2401 469 2465 iter
488 2399 614 2464 AEneas
628 2398 707 2463 fecit
719 2399 850 2479 agmine
863 2397 908 2461 ad
919 2398 1052 2476 levum,
1066 2418 1088 2466 a
1101 2419 1180 2485 nep·

68 2497 243 2577 tennione,
257 2499 495 2577 circumducto,
515 2519 575 2582 per
595 2499 699 2563 saltus
719 2504 754 2563 et
774 2498 882 2565 clivos
903 2498 1008 2581 sylvis
1022 2500 1083 2565 illo
1095 2505 1178 2567 tem·

67 2617 153 2683 pore
166 2602 336 2665 consitos:
358 2598 535 2684 dequibus
548 2621 581 2665 v.
599 2600 656 2663 inf.
677 2614 734 2677 xi,
752 2598 901 2683 513sqq.
922 2598 988 2665 522
999 2620 1076 2683 sqq.
1118 2598 1178 2669 Ad

69 2697 223 2767 dextram
247 2720 361 2765 versus
378 2701 556 2767 littoralem
578 2701 712 2784 plagam
731 2701 903 2784 aperiebat
923 2719 961 2765 se
982 2718 1179 2785 camporum

70 2800 238 2885 planities,
253 2802 289 2865 in
302 2822 369 2885 qua
382 2804 543 2885 equestris
564 2821 674 2886 pugna
687 2801 786 2867 sacta
833 2800 874 2865 Iu
888 2801 1021 2865 eosdem
1035 2821 1178 2887 eampoe

71 2900 295 2967 descendebat
316 2920 434 2983 agmen
455 2902 620 2984 pedestre,
640 2921 716 2965 cum
733 2901 778 2965 ad
799 2902 913 2965 urbem
929 2904 1190 2995 appropinqua,

69 3006 142 3067 ret:
165 3018 224 3079 xl,
239 3004 424 3069 eoa-907.
468 3001 596 3067 Castris
616 3002 664 3066 ibi
677 3001 795 3083 positis
810 3000 913 3064 altero
928 3000 993 3076 die,
1007 3000 1132 3067 foedere
1143 3006 1181 3075 et

70 3105 253 3169 eertamiue
267 3105 422 3186 singulari
436 3106 520 3170 inter
540 3103 689 3169 Turnum
711 3106 746 3167 et
766 3101 909 3165 AEneam
923 3101 1042 3185 frustra
1055 3103 1178 3171 consti·

70 3210 155 3282 uno,
181 3206 393 3271 tumulmaria
414 3207 562 3271 exoritur
585 3223 715 3288 pugna:
747 3221 849 3286 quam
875 3222 952 3267 cum
974 3203 1008 3266 in
1028 3208 1179 3273 neutram

71 3312 205 3391 partem
217 3307 372 3371 inclinari
387 3307 513 3375 videret
527 3306 663 3384 AEneas,
678 3304 791 3370 subito
811 3308 937 3388 partem
954 3304 1123 3379 exercitus,
1133 3305 1181 3395 erl

71 3407 189 3473 urbem
201 3407 457 3491 oppugnandam
474 3407 639 3473 admovet.
683 3406 831 3473 Tandem
851 3405 888 3471 in
909 3404 1027 3471 eadem
1042 3424 1180 3490 eampo·

72 3528 147 3575 rum
160 3506 299 3591 planitie
312 3515 513 3574 concurrunt
526 3508 658 3574 Turnus
672 3514 706 3573 et
719 3508 847 3596 AEnoas
861 3526 974 3591 pugna
986 3505 1087 3586 faeta,
1101 3528 1179 3594 qum

73 3608 252 3675 AEneidem
267 3610 421 3674 absolvit.
465 3608 564 3692 Fugit
576 3609 682 3675 fracto
696 3628 775 3675 ense
788 3608 943 3673 Tirinus:
964 3607 1129 3673 inclusum
1141 3628 1181 3685 re

74 3710 171 3777 ridet
189 3710 336 3793 undique
359 3730 381 3775 a
400 3730 522 3777 corona
543 3711 772 3795 spectantium.
817 3707 958 3792 ‘Atque
981 3709 1059 3773 hinc
1082 3714 1182 3779 vaste

75 3812 188 3895 palum
201 3812 280 3877 hino
309 3812 414 3877 ardua
436 3815 562 3879 moenia
583 3811 726 3895 cinguut’
752 3827 823 3890 xn,
845 3811 922 3877 745.
966 3809 1104 3877 Scilioet
1125 3810 1180 3877 ha)

76 3918 153 3978 sunt
161 3911 296 3996 paludes
315 3911 527 3993 Laurentina,
542 3914 587 3981 ad
600 3916 715 3979 urbem
728 3932 834 3997 usque
843 3912 1035 3997 peducle:
1058 3909 1181 3993 quibus

78 4012 225 4081 lumem
252 4015 308 4081 hio
336 4021 463 4081 tractus
490 4018 671 4085 etiamnum
694 4015 806 4079 inviae
835 4022 869 4080 et
895 4016 1089 4079 inaccessus
1110 4014 1179 4079 esta

79 4115 168 4183 ium
185 4122 298 4183 amm
320 4119 413 4203 apris
433 4117 598 4204 ireqmne,
621 4136 708 4202 quos
728 4116 829 4183 toties
851 4115 962 4202 poetae
988 4112 1180 4179 memorant.

10 4260 26 4348 p
144 4234 266 4301 met
281 4235 414 4287 Venetae.
620 4234 691 4298 Virg.
1039 4234 1071 4282 la
1090 4228 1116 4280 Ρ
