<?xml version="1.0" encoding="UTF-8"?>
<!DOCTYPE html PUBLIC "-//W3C//DTD XHTML 1.0 Transitional//EN"
    "http://www.w3.org/TR/xhtml1/DTD/xhtml1-transitional.dtd">
<html xmlns="http://www.w3.org/1999/xhtml" xml:lang="en" lang="en">
 <head>
  <title>
</title>
<meta http-equiv="Content-Type" content="text/html;charset=utf-8" />
  <meta name='ocr-system' content='tesseract 3.04.00' />
  <meta name='ocr-capabilities' content='ocr_page ocr_carea ocr_par ocr_line ocrx_word'/>
</head>
<body>
  <div class='ocr_page' id='page_1' title='image "./pvirgiliimaroni00virggoog/pvirgiliimaroni00virggoog_0329.png"; bbox 0 0 2664 4686; ppageno 0'>
   <div class='ocr_carea' id='block_1_1' title="bbox 128 280 825 356">
    <p class='ocr_par' dir='ltr' id='par_1_1' title="bbox 128 280 825 356">
     <span class='ocr_line' id='line_1_1' title="bbox 128 280 825 356; baseline 0.003 -7"><span class='ocrx_word' id='word_1_1' title='bbox 128 280 224 351; x_wconf 68' lang='lat'><strong>4276</strong></span> <span class='ocrx_word' id='word_1_2' title='bbox 543 297 744 354; x_wconf 77' lang='lat' dir='ltr'><strong>uxcussus</strong></span> <span class='ocrx_word' id='word_1_3' title='bbox 767 300 825 356; x_wconf 89' lang='grc' dir='ltr'><strong><em>ιιι.</em></strong></span> 
     </span>
    </p>
   </div>
   <div class='ocr_carea' id='block_1_2' title="bbox 42 438 1236 4157">
    <p class='ocr_par' dir='ltr' id='par_1_2' title="bbox 42 438 1236 4157">
     <span class='ocr_line' id='line_1_2' title="bbox 42 438 1236 531; baseline 0.006 -23"><span class='ocrx_word' id='word_1_4' title='bbox 42 455 45 459; x_wconf 76' lang='grc'><em>“</em></span> <span class='ocrx_word' id='word_1_5' title='bbox 129 447 247 527; x_wconf 73' lang='lat' dir='ltr'><strong>stagna</strong></span> <span class='ocrx_word' id='word_1_6' title='bbox 276 439 414 507; x_wconf 88' lang='lat' dir='ltr'><strong>Numici</strong></span> <span class='ocrx_word' id='word_1_7' title='bbox 424 438 444 506; x_wconf 89' lang='lat'><strong>:&#39;</strong></span> <span class='ocrx_word' id='word_1_8' title='bbox 465 440 536 506; x_wconf 81' lang='lat' dir='ltr'><strong>Sed</strong></span> <span class='ocrx_word' id='word_1_9' title='bbox 559 442 591 507; x_wconf 88' lang='lat' dir='ltr'><strong>si</strong></span> <span class='ocrx_word' id='word_1_10' title='bbox 611 443 741 526; x_wconf 68' lang='lat' dir='ltr'><strong>gravior</strong></span> <span class='ocrx_word' id='word_1_11' title='bbox 761 440 945 511; x_wconf 67' lang='lat' dir='ltr'><strong>ausurus</strong></span> <span class='ocrx_word' id='word_1_12' title='bbox 967 443 1043 514; x_wconf 82' lang='lat' dir='ltr'><strong>elie</strong></span> <span class='ocrx_word' id='word_1_13' title='bbox 1065 447 1165 531; x_wconf 77' lang='lat' dir='ltr'><strong>nuth</strong></span> <span class='ocrx_word' id='word_1_14' title='bbox 1181 455 1236 531; x_wconf 71' lang='grc' dir='ltr'><strong><em>ιιι,</em></strong></span> 
     </span>
     <span class='ocr_line' id='line_1_3' title="bbox 128 541 1236 628; baseline 0.009 -21"><span class='ocrx_word' id='word_1_15' title='bbox 128 542 262 628; x_wconf 67' lang='lat' dir='ltr'><strong>poetam</strong></span> <span class='ocrx_word' id='word_1_16' title='bbox 276 547 390 606; x_wconf 75' lang='lat' dir='ltr'><strong>ornate</strong></span> <span class='ocrx_word' id='word_1_17' title='bbox 415 541 581 624; x_wconf 75' lang='lat' dir='ltr'><strong>protento</strong></span> <span class='ocrx_word' id='word_1_18' title='bbox 593 549 710 625; x_wconf 77' lang='lat' dir='ltr'><strong>stagna</strong></span> <span class='ocrx_word' id='word_1_19' title='bbox 723 543 826 609; x_wconf 80' lang='lat' dir='ltr'><strong>scutis</strong></span> <span class='ocrx_word' id='word_1_20' title='bbox 845 543 976 611; x_wconf 78' lang='lat' dir='ltr'>dixisse</span> <span class='ocrx_word' id='word_1_21' title='bbox 998 547 1159 615; x_wconf 79' lang='lat' dir='ltr'><strong>uuiuuri</strong></span> <span class='ocrx_word' id='word_1_22' title='bbox 1175 567 1236 617; x_wconf 73' lang='lat' dir='ltr'><strong>m·</strong></span> 
     </span>
     <span class='ocr_line' id='line_1_4' title="bbox 127 641 1236 735; baseline 0.005 -26"><span class='ocrx_word' id='word_1_23' title='bbox 127 645 196 709; x_wconf 90' lang='lat' dir='ltr'><strong>lim.</strong></span> <span class='ocrx_word' id='word_1_24' title='bbox 249 641 322 707; x_wconf 83' lang='lat' dir='ltr'><strong>Etsi</strong></span> <span class='ocrx_word' id='word_1_25' title='bbox 345 648 415 709; x_wconf 85' lang='lat' dir='ltr'><strong>toto</strong></span> <span class='ocrx_word' id='word_1_26' title='bbox 438 661 500 707; x_wconf 88' lang='lat' dir='ltr'><strong>suo</strong></span> <span class='ocrx_word' id='word_1_27' title='bbox 523 642 664 708; x_wconf 84' lang='lat' dir='ltr'><strong>decursu</strong></span> <span class='ocrx_word' id='word_1_28' title='bbox 689 643 844 710; x_wconf 85' lang='lat' dir='ltr'><strong>fluviolus</strong></span> <span class='ocrx_word' id='word_1_29' title='bbox 868 645 1013 711; x_wconf 72' lang='lat' dir='ltr'><strong>lacubus</strong></span> <span class='ocrx_word' id='word_1_30' title='bbox 1041 649 1236 735; x_wconf 58' lang='lat' dir='ltr'><strong>interceptu</strong></span> 
     </span>
     <span class='ocr_line' id='line_1_5' title="bbox 128 744 1236 829; baseline 0.005 -17"><span class='ocrx_word' id='word_1_31' title='bbox 128 744 289 828; x_wconf 63' lang='lat' dir='ltr'><strong>sudoque</strong></span> <span class='ocrx_word' id='word_1_32' title='bbox 312 763 352 809; x_wconf 85' lang='lat' dir='ltr'><strong>ac</strong></span> <span class='ocrx_word' id='word_1_33' title='bbox 377 745 479 809; x_wconf 82' lang='lat' dir='ltr'><strong>tacito</strong></span> <span class='ocrx_word' id='word_1_34' title='bbox 499 751 591 810; x_wconf 83' lang='lat' dir='ltr'><strong>motu</strong></span> <span class='ocrx_word' id='word_1_35' title='bbox 613 746 732 810; x_wconf 91' lang='lat' dir='ltr'><strong>similis</strong></span> <span class='ocrx_word' id='word_1_36' title='bbox 755 751 871 829; x_wconf 79' lang='lat' dir='ltr'><strong>stagno</strong></span> <span class='ocrx_word' id='word_1_37' title='bbox 885 746 994 812; x_wconf 82' lang='lat' dir='ltr'><strong>fuisse</strong></span> <span class='ocrx_word' id='word_1_38' title='bbox 1008 747 1236 828; x_wconf 71' lang='lat' dir='ltr'><strong>videtumun</strong></span> 
     </span>
     <span class='ocr_line' id='line_1_6' title="bbox 127 844 1235 919; baseline 0.009 -10"><span class='ocrx_word' id='word_1_39' title='bbox 127 844 259 910; x_wconf 82' lang='lat' dir='ltr'><strong>alveum</strong></span> <span class='ocrx_word' id='word_1_40' title='bbox 292 846 409 912; x_wconf 85' lang='lat' dir='ltr'><strong>habuit</strong></span> <span class='ocrx_word' id='word_1_41' title='bbox 431 846 583 911; x_wconf 78' lang='lat' dir='ltr'><strong>ulvosum</strong></span> <span class='ocrx_word' id='word_1_42' title='bbox 601 850 635 911; x_wconf 88' lang='lat' dir='ltr'><strong>et</strong></span> <span class='ocrx_word' id='word_1_43' title='bbox 653 846 821 911; x_wconf 88' lang='lat' dir='ltr'><strong>lim0sum:</strong></span> <span class='ocrx_word' id='word_1_44' title='bbox 852 845 955 912; x_wconf 79' lang='lat' dir='ltr'><strong>ovid.</strong></span> <span class='ocrx_word' id='word_1_45' title='bbox 970 863 1044 911; x_wconf 80' lang='lat' dir='ltr'><strong>nv</strong></span> <span class='ocrx_word' id='word_1_46' title='bbox 1060 848 1152 915; x_wconf 75' lang='lat' dir='ltr'><strong>Met</strong></span> <span class='ocrx_word' id='word_1_47' title='bbox 1170 850 1235 919; x_wconf 68' lang='grc'><strong>599.</strong></span> 
     </span>
     <span class='ocr_line' id='line_1_7' title="bbox 127 934 1235 1035; baseline 0.006 -24"><span class='ocrx_word' id='word_1_48' title='bbox 127 946 194 1012; x_wconf 81' lang='grc'><strong>599</strong></span> <span class='ocrx_word' id='word_1_49' title='bbox 215 934 349 1011; x_wconf 84' lang='lat' dir='ltr'><strong>‘Littus</strong></span> <span class='ocrx_word' id='word_1_50' title='bbox 374 946 445 1011; x_wconf 77' lang='lat' dir='ltr'><strong>adit</strong></span> <span class='ocrx_word' id='word_1_51' title='bbox 468 945 635 1010; x_wconf 78' lang='lat' dir='ltr'>Laurens:</span> <span class='ocrx_word' id='word_1_52' title='bbox 668 946 728 1009; x_wconf 91' lang='lat' dir='ltr'><strong>ubi</strong></span> <span class='ocrx_word' id='word_1_53' title='bbox 753 951 860 1011; x_wconf 87' lang='lat' dir='ltr'><strong>tectus</strong></span> <span class='ocrx_word' id='word_1_54' title='bbox 881 946 1045 1013; x_wconf 77' lang='lat' dir='ltr'><strong>arundine</strong></span> <span class='ocrx_word' id='word_1_55' title='bbox 1071 950 1235 1035; x_wconf 74' lang='lat' dir='ltr'><strong>serpitis</strong></span> 
     </span>
     <span class='ocr_line' id='line_1_8' title="bbox 127 1046 1235 1119; baseline 0.005 -6"><span class='ocrx_word' id='word_1_56' title='bbox 127 1047 212 1114; x_wconf 74' lang='lat' dir='ltr'><strong>uota</strong></span> <span class='ocrx_word' id='word_1_57' title='bbox 235 1048 398 1113; x_wconf 87' lang='lat' dir='ltr'><strong>flumineis</strong></span> <span class='ocrx_word' id='word_1_58' title='bbox 423 1048 533 1112; x_wconf 77' lang='lat' dir='ltr'><strong>vicina</strong></span> <span class='ocrx_word' id='word_1_59' title='bbox 559 1046 736 1113; x_wconf 87' lang='lat' dir='ltr'><strong>Numicius</strong></span> <span class='ocrx_word' id='word_1_60' title='bbox 758 1049 858 1114; x_wconf 86' lang='lat' dir='ltr'><strong>undis</strong></span> <span class='ocrx_word' id='word_1_61' title='bbox 869 1046 888 1114; x_wconf 85' lang='lat'><strong>:&#39;</strong></span> <span class='ocrx_word' id='word_1_62' title='bbox 909 1054 945 1114; x_wconf 88' lang='lat' dir='ltr'><strong>et</strong></span> <span class='ocrx_word' id='word_1_63' title='bbox 964 1070 999 1115; x_wconf 84' lang='lat' dir='ltr'><strong>v.</strong></span> <span class='ocrx_word' id='word_1_64' title='bbox 1021 1051 1093 1117; x_wconf 75' lang='lat'><strong>001</strong></span> <span class='ocrx_word' id='word_1_65' title='bbox 1116 1053 1235 1119; x_wconf 84' lang='lat' dir='ltr'><strong>‘tscitc</strong></span> 
     </span>
     <span class='ocr_line' id='line_1_9' title="bbox 129 1145 856 1237; baseline -0.001 -26"><span class='ocrx_word' id='word_1_66' title='bbox 129 1145 240 1212; x_wconf 87' lang='lat' dir='ltr'><strong>cursu’</strong></span> <span class='ocrx_word' id='word_1_67' title='bbox 254 1146 296 1210; x_wconf 91' lang='lat' dir='ltr'><strong>de</strong></span> <span class='ocrx_word' id='word_1_68' title='bbox 310 1147 437 1211; x_wconf 84' lang='lat' dir='ltr'><strong>eodem.</strong></span> <span class='ocrx_word' id='word_1_69' title='bbox 852 1228 856 1237; x_wconf 26' lang='grc' dir='ltr'>ι</span> 
     </span>
     <span class='ocr_line' id='line_1_10' title="bbox 171 1245 1233 1332; baseline 0.006 -21"><span class='ocrx_word' id='word_1_70' title='bbox 171 1247 276 1311; x_wconf 85' lang='lat' dir='ltr'><strong>Haud</strong></span> <span class='ocrx_word' id='word_1_71' title='bbox 291 1249 386 1329; x_wconf 80' lang='lat' dir='ltr'>longe</span> <span class='ocrx_word' id='word_1_72' title='bbox 399 1266 421 1311; x_wconf 83' lang='lat' dir='ltr'><strong>s</strong></span> <span class='ocrx_word' id='word_1_73' title='bbox 435 1245 583 1311; x_wconf 88' lang='lat' dir='ltr'><strong>Numicii</strong></span> <span class='ocrx_word' id='word_1_74' title='bbox 594 1248 696 1325; x_wconf 85' lang='lat' dir='ltr'><strong>fonte,</strong></span> <span class='ocrx_word' id='word_1_75' title='bbox 712 1265 774 1311; x_wconf 90' lang='lat' dir='ltr'><strong>nec</strong></span> <span class='ocrx_word' id='word_1_76' title='bbox 788 1247 853 1313; x_wconf 87' lang='lat' dir='ltr'><strong>nisi</strong></span> <span class='ocrx_word' id='word_1_77' title='bbox 865 1263 903 1310; x_wconf 81' lang='lat' dir='ltr'><strong>vr</strong></span> <span class='ocrx_word' id='word_1_78' title='bbox 919 1263 946 1310; x_wconf 89' lang='grc' dir='ltr'><strong>ιι</strong></span> <span class='ocrx_word' id='word_1_79' title='bbox 959 1266 1133 1332; x_wconf 77' lang='lat' dir='ltr'><strong>passuum</strong></span> <span class='ocrx_word' id='word_1_80' title='bbox 1145 1250 1233 1317; x_wconf 70' lang='lat' dir='ltr'><strong>ints·</strong></span> 
     </span>
     <span class='ocr_line' id='line_1_11' title="bbox 128 1343 1233 1431; baseline 0.005 -21"><span class='ocrx_word' id='word_1_81' title='bbox 128 1347 230 1425; x_wconf 82' lang='lat' dir='ltr'>vallo,</span> <span class='ocrx_word' id='word_1_82' title='bbox 244 1344 277 1411; x_wconf 86' lang='lat' dir='ltr'><em>J</em></span> <span class='ocrx_word' id='word_1_83' title='bbox 275 1355 393 1409; x_wconf 72' lang='lat' dir='ltr'><strong>sturm</strong></span> <span class='ocrx_word' id='word_1_84' title='bbox 414 1345 476 1411; x_wconf 84' lang='lat' dir='ltr'><strong>fuit</strong></span> <span class='ocrx_word' id='word_1_85' title='bbox 497 1343 583 1410; x_wconf 77' lang='lat' dir='ltr'><strong>lmus</strong></span> <span class='ocrx_word' id='word_1_86' title='bbox 596 1354 631 1411; x_wconf 90' lang='lat' dir='ltr'><strong>et</strong></span> <span class='ocrx_word' id='word_1_87' title='bbox 644 1348 766 1412; x_wconf 85' lang='lat' dir='ltr'><strong>fluvius</strong></span> <span class='ocrx_word' id='word_1_88' title='bbox 779 1353 813 1412; x_wconf 89' lang='lat' dir='ltr'><strong>et</strong></span> <span class='ocrx_word' id='word_1_89' title='bbox 825 1347 918 1413; x_wconf 86' lang='lat' dir='ltr'><strong>fons:</strong></span> <span class='ocrx_word' id='word_1_90' title='bbox 941 1368 1044 1431; x_wconf 86' lang='lat' dir='ltr'><strong>quem</strong></span> <span class='ocrx_word' id='word_1_91' title='bbox 1057 1369 1108 1415; x_wconf 84' lang='lat' dir='ltr'><strong>ex</strong></span> <span class='ocrx_word' id='word_1_92' title='bbox 1121 1352 1233 1422; x_wconf 72' lang='lat' dir='ltr'><strong>mestis</strong></span> 
     </span>
     <span class='ocr_line' id='line_1_12' title="bbox 127 1441 1234 1532; baseline 0.005 -20"><span class='ocrx_word' id='word_1_93' title='bbox 127 1441 251 1513; x_wconf 80' lang='lat' dir='ltr'><strong>Albani</strong></span> <span class='ocrx_word' id='word_1_94' title='bbox 265 1448 446 1524; x_wconf 76' lang='lat' dir='ltr'><strong>radicibus,</strong></span> <span class='ocrx_word' id='word_1_95' title='bbox 461 1454 563 1530; x_wconf 85' lang='lat' dir='ltr'><strong>utque</strong></span> <span class='ocrx_word' id='word_1_96' title='bbox 576 1446 772 1532; x_wconf 85' lang='lat' dir='ltr'><strong>perhibetur,</strong></span> <span class='ocrx_word' id='word_1_97' title='bbox 787 1466 834 1511; x_wconf 85' lang='lat' dir='ltr'><strong>ex</strong></span> <span class='ocrx_word' id='word_1_98' title='bbox 846 1448 988 1512; x_wconf 87' lang='lat' dir='ltr'><strong>occultis</strong></span> <span class='ocrx_word' id='word_1_99' title='bbox 1002 1448 1103 1514; x_wconf 82' lang='lat' dir='ltr'><strong>lacus</strong></span> <span class='ocrx_word' id='word_1_100' title='bbox 1117 1449 1234 1517; x_wconf 67' lang='lat' dir='ltr'><strong>Albani</strong></span> 
     </span>
     <span class='ocr_line' id='line_1_13' title="bbox 127 1545 1233 1633; baseline 0.001 -20"><span class='ocrx_word' id='word_1_101' title='bbox 127 1548 301 1626; x_wconf 72' lang='lat' dir='ltr'><strong>meatibus,</strong></span> <span class='ocrx_word' id='word_1_102' title='bbox 325 1548 538 1633; x_wconf 79' lang='lat' dir='ltr'><strong>prodeuntem</strong></span> <span class='ocrx_word' id='word_1_103' title='bbox 560 1549 594 1613; x_wconf 92' lang='lat' dir='ltr'><strong>in</strong></span> <span class='ocrx_word' id='word_1_104' title='bbox 618 1545 825 1611; x_wconf 84' lang='lat' dir='ltr'><strong>occidentem</strong></span> <span class='ocrx_word' id='word_1_105' title='bbox 850 1545 937 1625; x_wconf 75' lang='lat' dir='ltr'><strong>ferri,</strong></span> <span class='ocrx_word' id='word_1_106' title='bbox 963 1567 1047 1613; x_wconf 82' lang='lat' dir='ltr'><strong>mox</strong></span> <span class='ocrx_word' id='word_1_107' title='bbox 1072 1550 1110 1614; x_wconf 88' lang='lat' dir='ltr'><strong>in</strong></span> <span class='ocrx_word' id='word_1_108' title='bbox 1130 1551 1233 1621; x_wconf 71' lang='lat' dir='ltr'><strong>lucus</strong></span> 
     </span>
     <span class='ocr_line' id='line_1_14' title="bbox 126 1646 1234 1733; baseline 0.004 -20"><span class='ocrx_word' id='word_1_109' title='bbox 126 1647 216 1713; x_wconf 77' lang='lat' dir='ltr'><strong>haud</strong></span> <span class='ocrx_word' id='word_1_110' title='bbox 228 1669 385 1730; x_wconf 81' lang='lat' dir='ltr'><strong>maguum</strong></span> <span class='ocrx_word' id='word_1_111' title='bbox 396 1648 546 1728; x_wconf 83' lang='lat' dir='ltr'><strong>diffundi,</strong></span> <span class='ocrx_word' id='word_1_112' title='bbox 555 1648 632 1713; x_wconf 84' lang='lat' dir='ltr'><strong>iude</strong></span> <span class='ocrx_word' id='word_1_113' title='bbox 644 1649 680 1713; x_wconf 88' lang='lat' dir='ltr'><strong>in</strong></span> <span class='ocrx_word' id='word_1_114' title='bbox 692 1648 840 1715; x_wconf 79' lang='lat' dir='ltr'><strong>Tiberim</strong></span> <span class='ocrx_word' id='word_1_115' title='bbox 846 1646 979 1727; x_wconf 72' lang='lat' dir='ltr'><strong>deferri,</strong></span> <span class='ocrx_word' id='word_1_116' title='bbox 988 1651 1089 1733; x_wconf 88' lang='lat' dir='ltr'><strong>eique</strong></span> <span class='ocrx_word' id='word_1_117' title='bbox 1105 1668 1131 1714; x_wconf 84' lang='lat' dir='ltr'>v</span> <span class='ocrx_word' id='word_1_118' title='bbox 1144 1650 1234 1717; x_wconf 80' lang='lat' dir='ltr'><strong>miili·</strong></span> 
     </span>
     <span class='ocr_line' id='line_1_15' title="bbox 127 1744 1233 1829; baseline 0.003 -17"><span class='ocrx_word' id='word_1_119' title='bbox 127 1744 199 1829; x_wconf 73' lang='lat' dir='ltr'><strong>erio</strong></span> <span class='ocrx_word' id='word_1_120' title='bbox 221 1750 264 1812; x_wconf 82' lang='lat' dir='ltr'><strong>ab</strong></span> <span class='ocrx_word' id='word_1_121' title='bbox 286 1748 397 1828; x_wconf 83' lang='lat' dir='ltr'><strong>Ostis,</strong></span> <span class='ocrx_word' id='word_1_122' title='bbox 414 1767 466 1814; x_wconf 88' lang='lat' dir='ltr'><strong>vu</strong></span> <span class='ocrx_word' id='word_1_123' title='bbox 484 1752 622 1815; x_wconf 85' lang='lat' dir='ltr'><strong>sburbe</strong></span> <span class='ocrx_word' id='word_1_124' title='bbox 645 1749 769 1828; x_wconf 80' lang='lat' dir='ltr'><strong>Rome,</strong></span> <span class='ocrx_word' id='word_1_125' title='bbox 790 1750 922 1814; x_wconf 76' lang='lat' dir='ltr'><strong>misceri</strong></span> <span class='ocrx_word' id='word_1_126' title='bbox 944 1749 1081 1815; x_wconf 77' lang='lat' dir='ltr'><strong>uadunt</strong></span> <span class='ocrx_word' id='word_1_127' title='bbox 1104 1750 1233 1819; x_wconf 74' lang='lat' dir='ltr'><strong>ciuus.</strong></span> 
     </span>
     <span class='ocr_line' id='line_1_16' title="bbox 126 1846 1233 1935; baseline 0.009 -22"><span class='ocrx_word' id='word_1_128' title='bbox 126 1868 162 1933; x_wconf 80' lang='lat' dir='ltr'><strong>p.</strong></span> <span class='ocrx_word' id='word_1_129' title='bbox 177 1846 375 1914; x_wconf 67' lang='lat' dir='ltr'><strong>metium</strong></span> <span class='ocrx_word' id='word_1_130' title='bbox 389 1849 537 1933; x_wconf 87' lang='lat' dir='ltr'><strong>Vulpius</strong></span> <span class='ocrx_word' id='word_1_131' title='bbox 559 1850 633 1915; x_wconf 88' lang='lat' dir='ltr'><strong>Lst.</strong></span> <span class='ocrx_word' id='word_1_132' title='bbox 655 1856 721 1916; x_wconf 84' lang='lat' dir='ltr'><strong>uut.</strong></span> <span class='ocrx_word' id='word_1_133' title='bbox 735 1850 834 1917; x_wconf 81' lang='lat' dir='ltr'><strong>Tum.</strong></span> <span class='ocrx_word' id='word_1_134' title='bbox 854 1867 906 1929; x_wconf 89' lang='lat' dir='ltr'><strong>vr,</strong></span> <span class='ocrx_word' id='word_1_135' title='bbox 928 1871 964 1935; x_wconf 87' lang='lat' dir='ltr'><strong>p.</strong></span> <span class='ocrx_word' id='word_1_136' title='bbox 979 1851 1059 1917; x_wconf 74' lang='lat'><strong>225.</strong></span> <span class='ocrx_word' id='word_1_137' title='bbox 1107 1851 1233 1923; x_wconf 72' lang='lat' dir='ltr'><strong>Fsses‘</strong></span> 
     </span>
     <span class='ocr_line' id='line_1_17' title="bbox 126 1947 1233 2036; baseline 0.005 -23"><span class='ocrx_word' id='word_1_138' title='bbox 126 1965 245 2019; x_wconf 81' lang='lat' dir='ltr'><strong>ucmsu</strong></span> <span class='ocrx_word' id='word_1_139' title='bbox 258 1968 345 2014; x_wconf 89' lang='lat' dir='ltr'><strong>nunc</strong></span> <span class='ocrx_word' id='word_1_140' title='bbox 365 1947 504 2036; x_wconf 83' lang='lat' dir='ltr'><strong>Treglio‚·</strong></span> <span class='ocrx_word' id='word_1_141' title='bbox 525 1953 638 2016; x_wconf 78' lang='lat' dir='ltr'><strong>lacum</strong></span> <span class='ocrx_word' id='word_1_142' title='bbox 652 1958 773 2030; x_wconf 83' lang='lat' dir='ltr'><strong>tamen,</strong></span> <span class='ocrx_word' id='word_1_143' title='bbox 789 1957 863 2016; x_wconf 84' lang='lat' dir='ltr'><strong>ente</strong></span> <span class='ocrx_word' id='word_1_144' title='bbox 876 1958 1009 2017; x_wconf 86' lang='lat' dir='ltr'><strong>eeutum</strong></span> <span class='ocrx_word' id='word_1_145' title='bbox 1021 1957 1059 2016; x_wconf 83' lang='lat' dir='ltr'><strong>et</strong></span> <span class='ocrx_word' id='word_1_146' title='bbox 1073 1952 1168 2036; x_wconf 84' lang='lat' dir='ltr'><strong>quod</strong></span> <span class='ocrx_word' id='word_1_147' title='bbox 1180 1972 1233 2019; x_wconf 82' lang='lat' dir='ltr'><strong>ex·</strong></span> 
     </span>
     <span class='ocr_line' id='line_1_18' title="bbox 52 2050 1233 2135; baseline 0.003 -22"><span class='ocrx_word' id='word_1_148' title='bbox 52 2072 54 2077; x_wconf 53' lang='lat'><strong>⁴</strong></span> <span class='ocrx_word' id='word_1_149' title='bbox 127 2050 229 2135; x_wconf 85' lang='lat' dir='ltr'><strong>currit</strong></span> <span class='ocrx_word' id='word_1_150' title='bbox 243 2069 358 2129; x_wconf 74' lang='lat' dir='ltr'><strong>anum,</strong></span> <span class='ocrx_word' id='word_1_151' title='bbox 373 2050 440 2115; x_wconf 82' lang='lat' dir='ltr'><strong>fere</strong></span> <span class='ocrx_word' id='word_1_152' title='bbox 453 2056 560 2116; x_wconf 88' lang='lat' dir='ltr'><strong>totum</strong></span> <span class='ocrx_word' id='word_1_153' title='bbox 574 2053 747 2117; x_wconf 82' lang='lat' dir='ltr'><strong>exaruisse</strong></span> <span class='ocrx_word' id='word_1_154' title='bbox 761 2050 815 2116; x_wconf 87' lang='lat' dir='ltr'><strong>hic</strong></span> <span class='ocrx_word' id='word_1_155' title='bbox 830 2051 918 2131; x_wconf 77' lang='lat' dir='ltr'><strong>idem</strong></span> <span class='ocrx_word' id='word_1_156' title='bbox 931 2058 1073 2118; x_wconf 77' lang='lat' dir='ltr'><strong>testatur</strong></span> <span class='ocrx_word' id='word_1_157' title='bbox 1086 2052 1187 2121; x_wconf 85' lang='grc' dir='ltr'><strong><em>Τοιιι.</em></strong></span> <span class='ocrx_word' id='word_1_158' title='bbox 1202 2071 1233 2132; x_wconf 76' lang='grc' dir='ltr'><strong>ι,</strong></span> 
     </span>
     <span class='ocr_line' id='line_1_19' title="bbox 126 2140 1235 2236; baseline 0.01 -25"><span class='ocrx_word' id='word_1_159' title='bbox 126 2140 241 2235; x_wconf 57' lang='lat'>15:218</span> <span class='ocrx_word' id='word_1_160' title='bbox 254 2150 338 2236; x_wconf 91' lang='lat' dir='ltr'><strong>(quo</strong></span> <span class='ocrx_word' id='word_1_161' title='bbox 353 2157 463 2216; x_wconf 77' lang='lat' dir='ltr'><strong>tumen</strong></span> <span class='ocrx_word' id='word_1_162' title='bbox 478 2153 552 2216; x_wconf 85' lang='lat' dir='ltr'><strong>loco</strong></span> <span class='ocrx_word' id='word_1_163' title='bbox 566 2148 715 2216; x_wconf 80' lang='lat' dir='ltr'><strong>Jutumae</strong></span> <span class='ocrx_word' id='word_1_164' title='bbox 736 2151 848 2215; x_wconf 87' lang='lat' dir='ltr'><strong>lacum</strong></span> <span class='ocrx_word' id='word_1_165' title='bbox 870 2171 948 2216; x_wconf 91' lang='lat' dir='ltr'><strong>cum</strong></span> <span class='ocrx_word' id='word_1_166' title='bbox 961 2152 1071 2217; x_wconf 75' lang='lat' dir='ltr'><strong>altero</strong></span> <span class='ocrx_word' id='word_1_167' title='bbox 1086 2154 1147 2221; x_wconf 86' lang='lat' dir='ltr'><strong>illc</strong></span> <span class='ocrx_word' id='word_1_168' title='bbox 1161 2172 1235 2221; x_wconf 80' lang='lat' dir='ltr'><strong>cuu-</strong></span> 
     </span>
     <span class='ocr_line' id='line_1_20' title="bbox 126 2249 1233 2337; baseline 0.002 -21"><span class='ocrx_word' id='word_1_169' title='bbox 126 2249 245 2328; x_wconf 77' lang='lat' dir='ltr'><strong>tundit,</strong></span> <span class='ocrx_word' id='word_1_170' title='bbox 276 2273 375 2336; x_wconf 91' lang='lat' dir='ltr'><strong>quem</strong></span> <span class='ocrx_word' id='word_1_171' title='bbox 406 2252 507 2335; x_wconf 66' lang='lat' dir='ltr'><strong>poeta</strong></span> <span class='ocrx_word' id='word_1_172' title='bbox 541 2253 598 2317; x_wconf 91' lang='lat' dir='ltr'><strong>lib.</strong></span> <span class='ocrx_word' id='word_1_173' title='bbox 631 2268 703 2329; x_wconf 83' lang='lat' dir='ltr'><strong>xu,</strong></span> <span class='ocrx_word' id='word_1_174' title='bbox 734 2253 800 2317; x_wconf 78' lang='grc'><strong>745</strong></span> <span class='ocrx_word' id='word_1_175' title='bbox 828 2250 1015 2337; x_wconf 73' lang='lat' dir='ltr'><strong>memorat).</strong></span> <span class='ocrx_word' id='word_1_176' title='bbox 1051 2251 1233 2334; x_wconf 73' lang='lat' dir='ltr'><strong>Juturms,</strong></span> 
     </span>
     <span class='ocr_line' id='line_1_21' title="bbox 126 2351 1232 2439; baseline 0.005 -23"><span class='ocrx_word' id='word_1_177' title='bbox 126 2351 332 2435; x_wconf 75' lang='lat' dir='ltr'><strong>Nympham</strong></span> <span class='ocrx_word' id='word_1_178' title='bbox 347 2354 451 2417; x_wconf 88' lang='lat' dir='ltr'><strong>Turni</strong></span> <span class='ocrx_word' id='word_1_179' title='bbox 465 2373 622 2431; x_wconf 87' lang='lat' dir='ltr'><strong>sororem,</strong></span> <span class='ocrx_word' id='word_1_180' title='bbox 636 2354 788 2438; x_wconf 80' lang='lat' dir='ltr'><strong>adeoquo</strong></span> <span class='ocrx_word' id='word_1_181' title='bbox 802 2354 915 2418; x_wconf 81' lang='lat' dir='ltr'><strong>Dauni</strong></span> <span class='ocrx_word' id='word_1_182' title='bbox 930 2352 1032 2418; x_wconf 79' lang='lat' dir='ltr'><strong>filium</strong></span> <span class='ocrx_word' id='word_1_183' title='bbox 1043 2355 1153 2439; x_wconf 84' lang='lat' dir='ltr'><strong>(uude</strong></span> <span class='ocrx_word' id='word_1_184' title='bbox 1165 2372 1232 2434; x_wconf 65' lang='grc' dir='ltr'><strong>ιιι,</strong></span> 
     </span>
     <span class='ocr_line' id='line_1_22' title="bbox 124 2453 1232 2538; baseline 0.005 -19"><span class='ocrx_word' id='word_1_185' title='bbox 124 2453 192 2519; x_wconf 84' lang='grc'><strong>785</strong></span> <span class='ocrx_word' id='word_1_186' title='bbox 214 2456 224 2485; x_wconf 91' lang='lat'>‘</span> <span class='ocrx_word' id='word_1_187' title='bbox 240 2453 378 2518; x_wconf 84' lang='lat' dir='ltr'><strong>Daunia</strong></span> <span class='ocrx_word' id='word_1_188' title='bbox 393 2454 476 2518; x_wconf 83' lang='lat' dir='ltr'><strong>Dea&#39;</strong></span> <span class='ocrx_word' id='word_1_189' title='bbox 490 2453 565 2538; x_wconf 88' lang='lat' dir='ltr'><strong>est),</strong></span> <span class='ocrx_word' id='word_1_190' title='bbox 579 2455 684 2519; x_wconf 80' lang='lat' dir='ltr'><strong>edidit</strong></span> <span class='ocrx_word' id='word_1_191' title='bbox 699 2455 796 2520; x_wconf 78' lang='lat' dir='ltr'><strong>Maro</strong></span> <span class='ocrx_word' id='word_1_192' title='bbox 809 2461 939 2521; x_wconf 81' lang='lat' dir='ltr'><strong>noster:</strong></span> <span class='ocrx_word' id='word_1_193' title='bbox 962 2474 1008 2520; x_wconf 81' lang='lat' dir='ltr'><strong>sn</strong></span> <span class='ocrx_word' id='word_1_194' title='bbox 1021 2462 1137 2522; x_wconf 74' lang='lat' dir='ltr'><strong>vetere</strong></span> <span class='ocrx_word' id='word_1_195' title='bbox 1157 2477 1232 2525; x_wconf 83' lang='lat' dir='ltr'><strong>suc·</strong></span> 
     </span>
     <span class='ocr_line' id='line_1_23' title="bbox 126 2554 1234 2637; baseline 0.006 -19"><span class='ocrx_word' id='word_1_196' title='bbox 126 2554 271 2631; x_wconf 64' lang='lat' dir='ltr'><strong>tentate,</strong></span> <span class='ocrx_word' id='word_1_197' title='bbox 291 2575 356 2618; x_wconf 90' lang='lat' dir='ltr'><strong>uon</strong></span> <span class='ocrx_word' id='word_1_198' title='bbox 371 2560 516 2633; x_wconf 80' lang='lat' dir='ltr'><strong>coustst3</strong></span> <span class='ocrx_word' id='word_1_199' title='bbox 540 2561 653 2637; x_wconf 79' lang='lat' dir='ltr'><strong>argute</strong></span> <span class='ocrx_word' id='word_1_200' title='bbox 667 2560 776 2619; x_wconf 75' lang='lat' dir='ltr'><strong>tamen</strong></span> <span class='ocrx_word' id='word_1_201' title='bbox 802 2575 862 2619; x_wconf 87' lang='lat' dir='ltr'><strong>seu</strong></span> <span class='ocrx_word' id='word_1_202' title='bbox 884 2556 1053 2620; x_wconf 86' lang='lat' dir='ltr'><strong>invenisse</strong></span> <span class='ocrx_word' id='word_1_203' title='bbox 1068 2576 1130 2622; x_wconf 83' lang='lat' dir='ltr'><strong>seu</strong></span> <span class='ocrx_word' id='word_1_204' title='bbox 1144 2577 1234 2625; x_wconf 82' lang='lat' dir='ltr'><strong>usur·</strong></span> 
     </span>
     <span class='ocr_line' id='line_1_24' title="bbox 125 2654 1233 2739; baseline 0.006 -21"><span class='ocrx_word' id='word_1_205' title='bbox 125 2673 228 2739; x_wconf 78' lang='lat' dir='ltr'><strong>passe</strong></span> <span class='ocrx_word' id='word_1_206' title='bbox 242 2654 401 2717; x_wconf 85' lang='lat' dir='ltr'><strong>dicendus</strong></span> <span class='ocrx_word' id='word_1_207' title='bbox 415 2662 475 2719; x_wconf 86' lang='lat' dir='ltr'><strong>est.</strong></span> <span class='ocrx_word' id='word_1_208' title='bbox 521 2656 636 2720; x_wconf 81' lang='lat' dir='ltr'><strong>Fontis</strong></span> <span class='ocrx_word' id='word_1_209' title='bbox 651 2658 739 2720; x_wconf 88' lang='lat' dir='ltr'><strong>euim</strong></span> <span class='ocrx_word' id='word_1_210' title='bbox 754 2658 788 2721; x_wconf 88' lang='lat' dir='ltr'><strong>in</strong></span> <span class='ocrx_word' id='word_1_211' title='bbox 803 2655 921 2721; x_wconf 86' lang='lat' dir='ltr'><strong>iisdem</strong></span> <span class='ocrx_word' id='word_1_212' title='bbox 935 2657 1022 2721; x_wconf 89' lang='lat' dir='ltr'><strong>locis</strong></span> <span class='ocrx_word' id='word_1_213' title='bbox 1046 2658 1105 2723; x_wconf 87' lang='lat' dir='ltr'><strong>siti</strong></span> <span class='ocrx_word' id='word_1_214' title='bbox 1119 2677 1233 2725; x_wconf 76' lang='lat' dir='ltr'><strong>numm</strong></span> 
     </span>
     <span class='ocr_line' id='line_1_25' title="bbox 126 2753 1233 2836; baseline 0.005 -16"><span class='ocrx_word' id='word_1_215' title='bbox 126 2773 241 2820; x_wconf 82' lang='lat' dir='ltr'><strong>curare</strong></span> <span class='ocrx_word' id='word_1_216' title='bbox 255 2753 434 2836; x_wconf 80' lang='lat' dir='ltr'><strong>populures</strong></span> <span class='ocrx_word' id='word_1_217' title='bbox 448 2775 528 2820; x_wconf 86' lang='lat' dir='ltr'><strong>suos</strong></span> <span class='ocrx_word' id='word_1_218' title='bbox 540 2762 574 2820; x_wconf 85' lang='lat' dir='ltr'><strong>et</strong></span> <span class='ocrx_word' id='word_1_219' title='bbox 589 2759 670 2820; x_wconf 88' lang='lat' dir='ltr'><strong>tueri</strong></span> <span class='ocrx_word' id='word_1_220' title='bbox 685 2758 842 2822; x_wconf 84' lang='lat' dir='ltr'><strong>adversus</strong></span> <span class='ocrx_word' id='word_1_221' title='bbox 858 2758 1007 2822; x_wconf 82' lang='lat' dir='ltr'><strong>advenas</strong></span> <span class='ocrx_word' id='word_1_222' title='bbox 1027 2765 1119 2824; x_wconf 78' lang='lat' dir='ltr'><strong>recte</strong></span> <span class='ocrx_word' id='word_1_223' title='bbox 1132 2758 1233 2825; x_wconf 82' lang='lat' dir='ltr'><strong>rideri</strong></span> 
     </span>
     <span class='ocr_line' id='line_1_26' title="bbox 80 2852 1233 2942; baseline 0.004 -23"><span class='ocrx_word' id='word_1_224' title='bbox 80 2872 83 2879; x_wconf 87' lang='lat'>·</span> <span class='ocrx_word' id='word_1_225' title='bbox 123 2860 281 2941; x_wconf 65' lang='lat' dir='ltr'><strong>poterat..</strong></span> <span class='ocrx_word' id='word_1_226' title='bbox 309 2852 421 2922; x_wconf 82' lang='lat' dir='ltr'><strong>Etiam</strong></span> <span class='ocrx_word' id='word_1_227' title='bbox 434 2854 498 2918; x_wconf 89' lang='lat' dir='ltr'><strong>hoc</strong></span> <span class='ocrx_word' id='word_1_228' title='bbox 520 2856 563 2919; x_wconf 83' lang='lat' dir='ltr'><strong>ad</strong></span> <span class='ocrx_word' id='word_1_229' title='bbox 581 2857 731 2920; x_wconf 88' lang='lat' dir='ltr'><strong>locorum</strong></span> <span class='ocrx_word' id='word_1_230' title='bbox 752 2859 852 2920; x_wconf 90' lang='lat' dir='ltr'><strong>situm</strong></span> <span class='ocrx_word' id='word_1_231' title='bbox 877 2863 1022 2939; x_wconf 84' lang='lat' dir='ltr'><strong>spectat,</strong></span> <span class='ocrx_word' id='word_1_232' title='bbox 1036 2859 1133 2942; x_wconf 90' lang='lat' dir='ltr'><strong>quod</strong></span> <span class='ocrx_word' id='word_1_233' title='bbox 1147 2859 1233 2924; x_wconf 87' lang='lat' dir='ltr'><strong>Juuo</strong></span> 
     </span>
     <span class='ocr_line' id='line_1_27' title="bbox 108 2930 1232 3036; baseline 0.001 -13"><span class='ocrx_word' id='word_1_234' title='bbox 108 2974 203 3023; x_wconf 66' lang='lat' dir='ltr'><strong>cum</strong></span> <span class='ocrx_word' id='word_1_235' title='bbox 216 2930 359 3021; x_wconf 72' lang='lat' dir='ltr'><strong>Juiuma</strong></span> <span class='ocrx_word' id='word_1_236' title='bbox 373 2962 487 3020; x_wconf 77' lang='lat' dir='ltr'><strong>actum</strong></span> <span class='ocrx_word' id='word_1_237' title='bbox 501 2957 540 3019; x_wconf 51' lang='lat' dir='ltr'><strong>in¹</strong></span> <span class='ocrx_word' id='word_1_238' title='bbox 549 2954 718 3019; x_wconf 81' lang='lat' dir='ltr'><strong>Albanum</strong></span> <span class='ocrx_word' id='word_1_239' title='bbox 740 2963 884 3020; x_wconf 80' lang='lat' dir='ltr'><strong>montem</strong></span> <span class='ocrx_word' id='word_1_240' title='bbox 905 2955 1075 3022; x_wconf 82' lang='lat' dir='ltr'><strong>descendit</strong></span> <span class='ocrx_word' id='word_1_241' title='bbox 1088 2959 1149 3023; x_wconf 90' lang='lat' dir='ltr'><strong>lib.</strong></span> <span class='ocrx_word' id='word_1_242' title='bbox 1165 2975 1232 3036; x_wconf 73' lang='lat' dir='ltr'><strong>xli,</strong></span> 
     </span>
     <span class='ocr_line' id='line_1_28' title="bbox 125 3054 1232 3125; baseline 0.002 -2"><span class='ocrx_word' id='word_1_243' title='bbox 125 3054 191 3123; x_wconf 75' lang='lat'><strong>184</strong></span> <span class='ocrx_word' id='word_1_244' title='bbox 213 3056 287 3121; x_wconf 79' lang='lat' dir='ltr'><strong>‘At</strong></span> <span class='ocrx_word' id='word_1_245' title='bbox 309 3055 399 3121; x_wconf 83' lang='lat' dir='ltr'><strong>Juno</strong></span> <span class='ocrx_word' id='word_1_246' title='bbox 423 3054 609 3120; x_wconf 86' lang='lat' dir='ltr'><strong>esumm0.’</strong></span> <span class='ocrx_word' id='word_1_247' title='bbox 655 3055 776 3119; x_wconf 85' lang='lat' dir='ltr'><strong>Fuisse</strong></span> <span class='ocrx_word' id='word_1_248' title='bbox 789 3055 939 3121; x_wconf 84' lang='lat' dir='ltr'><strong>Juturnae</strong></span> <span class='ocrx_word' id='word_1_249' title='bbox 964 3059 1101 3122; x_wconf 86' lang='lat' dir='ltr'><strong>nomine</strong></span> <span class='ocrx_word' id='word_1_250' title='bbox 1128 3060 1232 3125; x_wconf 77' lang='lat' dir='ltr'><strong>Deum</strong></span> 
     </span>
     <span class='ocr_line' id='line_1_29' title="bbox 126 3156 1231 3240; baseline 0.003 -17"><span class='ocrx_word' id='word_1_251' title='bbox 126 3156 216 3223; x_wconf 82' lang='lat' dir='ltr'><strong>Latii</strong></span> <span class='ocrx_word' id='word_1_252' title='bbox 243 3158 439 3240; x_wconf 82' lang='lat' dir='ltr'><strong>indigenam,</strong></span> <span class='ocrx_word' id='word_1_253' title='bbox 468 3163 501 3221; x_wconf 87' lang='lat' dir='ltr'><strong>et</strong></span> <span class='ocrx_word' id='word_1_254' title='bbox 530 3157 664 3239; x_wconf 91' lang='lat' dir='ltr'><strong>quidem</strong></span> <span class='ocrx_word' id='word_1_255' title='bbox 692 3157 793 3220; x_wconf 85' lang='lat' dir='ltr'><strong>sontis</strong></span> <span class='ocrx_word' id='word_1_256' title='bbox 822 3176 951 3233; x_wconf 89' lang='lat' dir='ltr'><strong>numen,</strong></span> <span class='ocrx_word' id='word_1_257' title='bbox 981 3159 1065 3223; x_wconf 81' lang='lat' dir='ltr'><strong>sctis</strong></span> <span class='ocrx_word' id='word_1_258' title='bbox 1094 3167 1231 3226; x_wconf 79' lang='lat' dir='ltr'><strong>constet.</strong></span> 
     </span>
     <span class='ocr_line' id='line_1_30' title="bbox 126 3255 1231 3342; baseline 0.004 -19"><span class='ocrx_word' id='word_1_259' title='bbox 126 3256 310 3342; x_wconf 82' lang='lat' dir='ltr'><strong>Argutatus</strong></span> <span class='ocrx_word' id='word_1_260' title='bbox 321 3264 373 3322; x_wconf 86' lang='lat' dir='ltr'><strong>est</strong></span> <span class='ocrx_word' id='word_1_261' title='bbox 388 3261 422 3322; x_wconf 90' lang='lat' dir='ltr'><strong>in</strong></span> <span class='ocrx_word' id='word_1_262' title='bbox 437 3259 569 3321; x_wconf 90' lang='lat' dir='ltr'><strong>nomine</strong></span> <span class='ocrx_word' id='word_1_263' title='bbox 579 3258 650 3340; x_wconf 80' lang='lat' dir='ltr'><strong>jam</strong></span> <span class='ocrx_word' id='word_1_264' title='bbox 657 3256 766 3320; x_wconf 85' lang='lat' dir='ltr'><strong>Varro</strong></span> <span class='ocrx_word' id='word_1_265' title='bbox 781 3255 820 3319; x_wconf 75' lang='lat' dir='ltr'><strong>L,</strong></span> <span class='ocrx_word' id='word_1_266' title='bbox 834 3256 873 3318; x_wconf 86' lang='lat' dir='ltr'><strong>L.</strong></span> <span class='ocrx_word' id='word_1_267' title='bbox 889 3275 940 3334; x_wconf 80' lang='grc' dir='ltr'><strong>ιν,</strong></span> <span class='ocrx_word' id='word_1_268' title='bbox 956 3259 999 3321; x_wconf 87' lang='grc'><strong>19</strong></span> <span class='ocrx_word' id='word_1_269' title='bbox 1013 3278 1089 3323; x_wconf 80' lang='lat' dir='ltr'><strong>csse</strong></span> <span class='ocrx_word' id='word_1_270' title='bbox 1102 3261 1231 3326; x_wconf 84' lang='lat' dir='ltr'><strong>ductum</strong></span> 
     </span>
     <span class='ocr_line' id='line_1_31' title="bbox 127 3358 1232 3448; baseline 0.003 -25"><span class='ocrx_word' id='word_1_271' title='bbox 127 3377 149 3422; x_wconf 82' lang='lat' dir='ltr'><strong>s</strong></span> <span class='ocrx_word' id='word_1_272' title='bbox 158 3358 318 3444; x_wconf 86' lang='lat' dir='ltr'><strong>juvando,</strong></span> <span class='ocrx_word' id='word_1_273' title='bbox 333 3359 470 3441; x_wconf 90' lang='lat' dir='ltr'><strong>ejusque</strong></span> <span class='ocrx_word' id='word_1_274' title='bbox 487 3358 608 3423; x_wconf 84' lang='lat' dir='ltr'><strong>sontem</strong></span> <span class='ocrx_word' id='word_1_275' title='bbox 625 3359 741 3423; x_wconf 84' lang='lat' dir='ltr'><strong>haberi</strong></span> <span class='ocrx_word' id='word_1_276' title='bbox 756 3360 1017 3423; x_wconf 82' lang='lat' dir='ltr'><strong>saluberrimum.</strong></span> <span class='ocrx_word' id='word_1_277' title='bbox 1063 3360 1232 3448; x_wconf 79' lang='lat' dir='ltr'><strong>Adjicimt</strong></span> 
     </span>
     <span class='ocr_line' id='line_1_32' title="bbox 126 3458 1231 3536; baseline 0.006 -14"><span class='ocrx_word' id='word_1_278' title='bbox 126 3458 196 3522; x_wconf 81' lang='lat' dir='ltr'><strong>elia</strong></span> <span class='ocrx_word' id='word_1_279' title='bbox 216 3463 404 3522; x_wconf 80' lang='lat' dir='ltr'><strong>commenta</strong></span> <span class='ocrx_word' id='word_1_280' title='bbox 433 3459 570 3522; x_wconf 88' lang='lat' dir='ltr'><strong>Servius</strong></span> <span class='ocrx_word' id='word_1_281' title='bbox 598 3461 642 3522; x_wconf 82' lang='lat' dir='ltr'><strong>ad</strong></span> <span class='ocrx_word' id='word_1_282' title='bbox 669 3476 740 3536; x_wconf 87' lang='lat' dir='ltr'><strong>xu,</strong></span> <span class='ocrx_word' id='word_1_283' title='bbox 766 3460 1231 3528; x_wconf 57' lang='lat' dir='ltr'><strong>strenuissumus</strong></span> 
     </span>
     <span class='ocr_line' id='line_1_33' title="bbox 127 3546 1229 3642; baseline 0.005 -17"><span class='ocrx_word' id='word_1_284' title='bbox 127 3546 248 3625; x_wconf 83' lang='lat' dir='ltr'><strong>Romae</strong></span> <span class='ocrx_word' id='word_1_285' title='bbox 264 3578 396 3642; x_wconf 88' lang='lat' dir='ltr'><strong>quoque</strong></span> <span class='ocrx_word' id='word_1_286' title='bbox 411 3556 557 3622; x_wconf 76' lang='lat' dir='ltr'><strong>Jururuae</strong></span> <span class='ocrx_word' id='word_1_287' title='bbox 573 3559 657 3623; x_wconf 82' lang='lat' dir='ltr'><strong>lucus</strong></span> <span class='ocrx_word' id='word_1_288' title='bbox 672 3566 707 3623; x_wconf 86' lang='lat' dir='ltr'><strong>et</strong></span> <span class='ocrx_word' id='word_1_289' title='bbox 717 3563 817 3642; x_wconf 74' lang='lat' dir='ltr'><strong>jons:</strong></span> <span class='ocrx_word' id='word_1_290' title='bbox 839 3559 916 3623; x_wconf 82' lang='lat' dir='ltr'><strong>vide</strong></span> <span class='ocrx_word' id='word_1_291' title='bbox 930 3556 961 3622; x_wconf 73' lang='grc' dir='ltr'><strong>ι’.</strong></span> <span class='ocrx_word' id='word_1_292' title='bbox 977 3580 1008 3624; x_wconf 87' lang='lat' dir='ltr'><strong>c.</strong></span> <span class='ocrx_word' id='word_1_293' title='bbox 1024 3560 1129 3627; x_wconf 84' lang='lat' dir='ltr'><strong>ovid.</strong></span> <span class='ocrx_word' id='word_1_294' title='bbox 1146 3565 1229 3630; x_wconf 74' lang='lat' dir='ltr'><strong>Fut</strong></span> 
     </span>
     <span class='ocr_line' id='line_1_34' title="bbox 129 3659 1231 3749; baseline 0.003 -25"><span class='ocrx_word' id='word_1_295' title='bbox 129 3677 154 3738; x_wconf 88' lang='lat'><strong>1,</strong></span> <span class='ocrx_word' id='word_1_296' title='bbox 168 3659 234 3725; x_wconf 86' lang='grc'><strong>798</strong></span> <span class='ocrx_word' id='word_1_297' title='bbox 247 3680 341 3743; x_wconf 78' lang='lat' dir='ltr'><strong>seqq·</strong></span> <span class='ocrx_word' id='word_1_298' title='bbox 364 3669 397 3725; x_wconf 87' lang='lat' dir='ltr'><strong>et</strong></span> <span class='ocrx_word' id='word_1_299' title='bbox 411 3669 490 3745; x_wconf 85' lang='lat' dir='ltr'><strong>post</strong></span> <span class='ocrx_word' id='word_1_300' title='bbox 504 3663 588 3726; x_wconf 80' lang='lat' dir='ltr'><strong>alios</strong></span> <span class='ocrx_word' id='word_1_301' title='bbox 603 3662 766 3745; x_wconf 86' lang='lat' dir='ltr'><strong>Vulpium</strong></span> <span class='ocrx_word' id='word_1_302' title='bbox 780 3661 857 3726; x_wconf 83' lang='lat' dir='ltr'><strong>Vct.</strong></span> <span class='ocrx_word' id='word_1_303' title='bbox 875 3661 949 3726; x_wconf 82' lang='lat' dir='ltr'><strong>Lat.</strong></span> <span class='ocrx_word' id='word_1_304' title='bbox 963 3660 1060 3726; x_wconf 87' lang='lat' dir='ltr'><strong>Tom.</strong></span> <span class='ocrx_word' id='word_1_305' title='bbox 1080 3681 1107 3741; x_wconf 86' lang='lat'><strong>1,</strong></span> <span class='ocrx_word' id='word_1_306' title='bbox 1123 3686 1160 3749; x_wconf 85' lang='lat' dir='ltr'><strong>p.</strong></span> <span class='ocrx_word' id='word_1_307' title='bbox 1173 3664 1231 3733; x_wconf 68' lang='grc'><strong>346</strong></span> 
     </span>
     <span class='ocr_line' id='line_1_35' title="bbox 127 3760 1229 3852; baseline 0.008 -30"><span class='ocrx_word' id='word_1_308' title='bbox 127 3780 197 3846; x_wconf 83' lang='lat' dir='ltr'><strong>sq.;</strong></span> <span class='ocrx_word' id='word_1_309' title='bbox 219 3760 574 3843; x_wconf 70' lang='lat' dir='ltr'><strong>imq&#39;ueetduturuuliu</strong></span> <span class='ocrx_word' id='word_1_310' title='bbox 589 3765 719 3828; x_wconf 85' lang='lat' dir='ltr'><strong>festum.</strong></span> <span class='ocrx_word' id='word_1_311' title='bbox 744 3762 898 3844; x_wconf 87' lang='lat' dir='ltr'><strong>Fontium</strong></span> <span class='ocrx_word' id='word_1_312' title='bbox 909 3764 1043 3827; x_wconf 88' lang='lat' dir='ltr'><strong>omuino</strong></span> <span class='ocrx_word' id='word_1_313' title='bbox 1054 3768 1229 3852; x_wconf 72' lang='lat' dir='ltr'><strong>nympham</strong></span> 
     </span>
     <span class='ocr_line' id='line_1_36' title="bbox 126 3862 1231 3949; baseline 0.009 -22"><span class='ocrx_word' id='word_1_314' title='bbox 126 3863 222 3929; x_wconf 83' lang='lat' dir='ltr'><strong>edere</strong></span> <span class='ocrx_word' id='word_1_315' title='bbox 245 3862 391 3925; x_wconf 85' lang='lat' dir='ltr'><strong>voluisse</strong></span> <span class='ocrx_word' id='word_1_316' title='bbox 405 3865 510 3928; x_wconf 85' lang='lat' dir='ltr'><strong>videri</strong></span> <span class='ocrx_word' id='word_1_317' title='bbox 533 3873 643 3949; x_wconf 85' lang='lat' dir='ltr'><strong>potest</strong></span> <span class='ocrx_word' id='word_1_318' title='bbox 656 3865 817 3946; x_wconf 83' lang='lat' dir='ltr'><strong>Virgilius</strong></span> <span class='ocrx_word' id='word_1_319' title='bbox 833 3882 906 3943; x_wconf 85' lang='grc' dir='ltr'><strong><em>ιιιι,</em></strong></span> <span class='ocrx_word' id='word_1_320' title='bbox 920 3865 994 3931; x_wconf 84' lang='grc'><strong>139.</strong></span> <span class='ocrx_word' id='word_1_321' title='bbox 1011 3867 1078 3931; x_wconf 81' lang='grc'><strong>140</strong></span> <span class='ocrx_word' id='word_1_322' title='bbox 1102 3868 1231 3937; x_wconf 59' lang='lat' dir='ltr'><strong>Diva-e</strong></span> 
     </span>
     <span class='ocr_line' id='line_1_37' title="bbox 128 3956 1233 4051; baseline 0.009 -24"><span class='ocrx_word' id='word_1_323' title='bbox 128 3963 280 4046; x_wconf 77' lang='lat' dir='ltr'><strong>‘stagnis</strong></span> <span class='ocrx_word' id='word_1_324' title='bbox 302 3983 378 4047; x_wconf 86' lang='lat' dir='ltr'><strong>quae</strong></span> <span class='ocrx_word' id='word_1_325' title='bbox 408 3965 661 4051; x_wconf 88' lang='lat' dir='ltr'><strong>fluminibusque</strong></span> <span class='ocrx_word' id='word_1_326' title='bbox 691 3968 820 4031; x_wconf 86' lang='lat' dir='ltr'><strong>sonoris</strong></span> <span class='ocrx_word' id='word_1_327' title='bbox 848 3956 1022 4032; x_wconf 80' lang='lat' dir='ltr'><strong>Praesidet&#39;</strong></span> <span class='ocrx_word' id='word_1_328' title='bbox 1051 3976 1088 4036; x_wconf 90' lang='lat' dir='ltr'><strong>et</strong></span> <span class='ocrx_word' id='word_1_329' title='bbox 1113 3990 1148 4036; x_wconf 86' lang='lat' dir='ltr'><strong>v.</strong></span> <span class='ocrx_word' id='word_1_330' title='bbox 1174 3968 1233 4037; x_wconf 74' lang='lat'><strong>1⁴2</strong></span> 
     </span>
     <span class='ocr_line' id='line_1_38' title="bbox 128 4064 1232 4157; baseline 0.01 -29"><span class='ocrx_word' id='word_1_331' title='bbox 128 4064 309 4148; x_wconf 82' lang='lat' dir='ltr'><strong>‘Nympha</strong></span> <span class='ocrx_word' id='word_1_332' title='bbox 320 4064 422 4131; x_wconf 88' lang='lat' dir='ltr'><strong>decus</strong></span> <span class='ocrx_word' id='word_1_333' title='bbox 436 4067 608 4133; x_wconf 85' lang='lat' dir='ltr'><strong>fluviorum</strong></span> <span class='ocrx_word' id='word_1_334' title='bbox 618 4065 638 4134; x_wconf 86' lang='lat'><strong>:’</strong></span> <span class='ocrx_word' id='word_1_335' title='bbox 668 4067 739 4146; x_wconf 83' lang='lat' dir='ltr'><strong>scd,</strong></span> <span class='ocrx_word' id='word_1_336' title='bbox 753 4071 909 4151; x_wconf 78' lang='lat' dir='ltr'><strong>tanquam</strong></span> <span class='ocrx_word' id='word_1_337' title='bbox 924 4065 1037 4152; x_wconf 72' lang='lat' dir='ltr'><strong>potita,</strong></span> <span class='ocrx_word' id='word_1_338' title='bbox 1049 4088 1162 4153; x_wconf 78' lang='lat' dir='ltr'><strong>genus</strong></span> <span class='ocrx_word' id='word_1_339' title='bbox 1175 4089 1232 4157; x_wconf 77' lang='lat' dir='ltr'><strong>pro</strong></span> 
     </span>
    </p>
   </div>
   <div class='ocr_carea' id='block_1_3' title="bbox 0 0 1336 4686">
    <p class='ocr_par' dir='ltr' id='par_1_3' title="bbox 0 0 1336 4686">
     <span class='ocr_line' id='line_1_39' title="bbox 0 0 1336 4686; baseline 0 0"><span class='ocrx_word' id='word_1_340' title='bbox 0 0 1336 4686; x_wconf 95' lang='lat' dir='ltr'><strong> </strong></span> 
     </span>
    </p>
   </div>
  </div>
 </body>
</html>
