2664 4686
112 314 201 379 4304
522 326 721 377 excursus
743 326 811 379 ιιι.

114 482 223 552 cutus,
241 491 310 556 qua
330 470 505 536 ‘Ardeae
519 470 653 546 Danai,
675 470 791 535 Persei
811 475 930 548 naue,
950 468 1105 539 condita'

113 581 232 641 botru:
256 574 344 639 Plin.
367 590 410 637 ιιι
438 594 467 639 s.
480 574 514 637 9.
560 572 677 637 Danai
699 574 787 636 enim
810 573 895 637 vitio
918 592 943 637 a
964 572 1063 639 Jove
1087 578 1213 661 uocm'

111 681 196 743 intra
209 696 321 741 arcam
335 696 357 739 a
371 682 464 759 patre
476 675 603 738 inclusa
619 675 720 757 inque
736 693 827 738 mare
846 674 1078 757 praecipitata,
1093 674 1209 743 inded-

112 779 296 863 Seriphum,
309 797 408 841 unam
424 796 468 840 ex
490 775 704 859 Cycladibus,
718 773 840 851 delata,
855 795 877 838 a
891 777 1069 858 piscatore
1088 778 1147 843 reti
1158 794 1207 843 fl·

111 880 254 944 trahitur.
297 878 386 941 l'ido
409 875 610 958 Pherecydis
631 876 852 939 narrationem
870 875 965 960 apud
983 876 1103 943 Schol.
1116 874 1204 961 Ape

112 981 193 1045 lonii
209 997 259 1055 ιν,
274 978 371 1043 1091.
414 974 485 1041 Alii
498 996 520 1039 a
531 974 748 1057 praedonibus
761 982 926 1059 repertam
939 996 1097 1043 narrasse
1110 978 1201 1045 vidui

111 1090 175 1147 tur.
218 1079 302 1144 Inde
323 1080 465 1145 Plinium
487 1094 615 1153 xxxv,
629 1078 673 1141 dt)
694 1096 724 1139 s.
737 1077 782 1143 32
802 1078 1039 1143 illustrandum
1062 1080 1132 1145 arbi

113 1180 308 1247 ‘Artemon’
330 1183 443 1264 pinxit
465 1177 642 1254 ‘Danaen
656 1177 851 1241 mirantibus
879 1197 956 1241 eam
985 1178 1134 1263 praedoni

113 1282 266 1348 Accessit
291 1284 368 1347 hinc
393 1283 460 1345 alia
478 1282 609 1345 sabula:
634 1278 777 1345 Danaen
801 1279 906 1343 fuisse
929 1280 973 1344 ad
1002 1279 1137 1345 ltaliam

111 1386 224 1463 lauru,
239 1386 354 1468 ibique
374 1404 449 1447 eam
472 1384 619 1447 Ardeam
640 1382 839 1447 condidisse.
884 1380 979 1445 Navi
993 1383 1198 1465 quideme·

112 1488 215 1549 sociis
228 1485 402 1550 advectam
421 1483 522 1566 polita
544 1488 657 1547 noster
679 1481 806 1545 tradere
826 1481 964 1546 maluit:
987 1483 1198 1559 numidam,

112 1587 178 1651 409
212 1583 414 1662 ‘Audacis‚’
439 1586 555 1668 inquit,
581 1583 725 1648 ‘Rutuli
752 1583 795 1646 ad
824 1602 948 1659 muros,
973 1602 1078 1665 quam
1105 1584 1200 1649 detta

112 1689 227 1751 urbem
240 1687 445 1751 Acrisioneis
461 1684 579 1749 Daunii
594 1686 753 1749 fundasse
770 1685 900 1749 colonis
920 1685 1098 1768 Praecipiti
1110 1684 1201 1749 dara

112 1787 211 1849 noto.’
256 1788 362 1868 Inque
382 1808 422 1849 eo
446 1788 531 1850 adeo
554 1808 575 1850 a
597 1788 724 1863 t'ulgari
749 1787 936 1850 narratione
958 1785 1087 1850 recedit
1110 1784 1200 1861 Maro,

112 1905 213 1969 quam
226 1886 363 1949 Servius
377 1888 463 1949 malo
477 1886 520 1949 ad
534 1886 601 1949 loci
620 1887 718 1969 hujus
737 1887 1041 1969 interpretationem
1056 1886 1200 1961 admovet,

112 1986 156 2051 ad
177 2006 211 2051 r.
225 1986 302 2062 372,
325 1987 421 2070 cujus
441 1992 522 2050 nota
543 1986 635 2067 apud
661 1986 825 2069 Pompon.
849 1986 932 2050 Sab.
959 1988 1093 2069 plenior
1115 1990 1202 2049 extat.

112 2085 193 2165 Qua
208 2085 317 2153 Italiae
339 2094 432 2169 parte
453 2085 592 2151 Danaes
613 2088 778 2169 appulsus
799 2086 908 2151 lactus
929 2094 1031 2164 esset,
1054 2106 1120 2151 non
1137 2102 1203 2151 cou-

112 2194 218 2253 stantc
241 2190 323 2252 satis
345 2188 409 2251 fide
433 2188 586 2252 traditum
610 2187 757 2251 ridetur:
780 2188 858 2251 aliis
884 2187 928 2251 ad
953 2186 1092 2271 Apuliae
1115 2187 1201 2261 litum

112 2290 188 2353 aliis
212 2291 254 2353 ad
278 2289 458 2353 Ardeatem
487 2308 612 2369 agrum,
637 2308 814 2351 ascensum
835 2288 963 2351 factum
992 2288 1201 2370 prodentium

111 2389 201 2453 Tota
213 2395 322 2453 tamen
336 2390 451 2452 sabula
475 2390 660 2469 nugatorio,
684 2398 841 2470 quantum
863 2388 1001 2470 quidem
1023 2390 1202 2466 videare·

111 2489 228 2553 borum
242 2491 330 2553 lusui
345 2491 502 2565 oripinem
517 2488 625 2565 debet,
641 2508 682 2552 ac
697 2489 726 2551 si
741 2488 884 2563 Daunia,
894 2508 972 2572 quae
988 2487 1125 2573 Apulia·
1138 2502 1201 2573 part

112 2596 175 2666 est,
190 2608 212 2651 a
232 2588 351 2652 Danae
369 2587 494 2651 Acrisii
519 2588 588 2650 filia
609 2607 729 2651 nomen
750 2595 784 2652 et
803 2590 941 2653 colonos
965 2591 1140 2673 acceperit.
1173 2584 1200 2651 A

113 2689 243 2751 Daunis
257 2694 366 2750 autem
382 2706 457 2750 cum
473 2686 616 2749 Rutulos
630 2698 736 2751 ortum
750 2689 893 2752 traxisse
907 2698 1006 2753 uetus
1020 2690 1105 2755 tides
1118 2692 1198 2761 esset,
1235 2712 1238 2743 ι

116 2786 250 2853 Danaes
264 2786 377 2849 sabula
390 2788 488 2849 ctiam
503 2787 544 2849 ad
561 2787 703 2851 Rutulos
719 2795 823 2853 tracta
836 2796 868 2852 et
882 2798 1043 2856 revocata
1057 2798 1118 2856 est

155 2888 275 2969 ltaque
289 2886 393 2949 Turni
409 2906 540 2971 quoque
554 2906 655 2969 genus
672 2890 716 2951 ab
736 2890 853 2952 eadem
869 2890 990 2955 uanae
1005 2893 1197 2975 repetiturus

111 2989 212 3074 poeta
225 2989 260 3051 in
274 2988 422 3051 versibus
442 3007 545 3069 supra
566 2989 742 3070 ascriptis:
765 2988 877 3052 Turno
899 2994 909 3023 ‘
927 2991 1075 3057 inachus
1090 2988 1198 3057 Acrisi-

111 3112 218 3175 usque
246 3098 369 3172 patros,
397 3088 582 3170 mediaeque
613 3088 787 3171 Mycenae?
830 3089 969 3153 Generis
1007 3092 1196 3175 splendorem

110 3193 236 3274 egregie
265 3192 394 3255 ornarit
421 3189 532 3272 poeta,
556 3191 657 3253 etiam
683 3191 851 3253 nominum
880 3196 1055 3269 retrrstatc,
1084 3211 1143 3275 pro
1164 3204 1195 3251 eo

111 3294 201 3374 quod
216 3292 324 3355 dicere
338 3298 478 3372 poterat,
490 3292 534 3352 ab
549 3288 682 3371 Argivis
694 3292 825 3373 regibus
839 3291 986 3354 Turnum
1001 3312 1104 3374 geum
1116 3304 1193 3355 suun

110 3391 256 3453 duxisse.
285 3392 448 3466 Acrisius,
466 3391 602 3455 Danaes
616 3402 720 3475 pater,
733 3390 927 3475 Argivorum
941 3412 1015 3469 rex,
1031 3395 1075 3457 ab
1090 3390 1192 3457 lmen
1236 3426 1240 3453 r

110 3498 179 3553 erat
192 3492 349 3554 oriundus
362 3492 473 3574 (llincz
498 3498 507 3523 ⁴
522 3492 666 3557 Inachus
680 3492 897 3576 Acrisiusque
911 3492 1059 3576 patres),
1071 3493 1191 3557 Paron

111 3596 230 3665 autern,
248 3591 382 3655 Danais
396 3593 432 3667 t'.,
450 3592 614 3675 Mycenas
628 3594 818 3657 condiderat
831 3593 988 3676 regnique
1002 3596 1115 3660 sedem
1127 3594 1191 3657 leat·

109 3696 170 3767 rat,
184 3691 309 3754 relictis
324 3692 423 3771 Anus
439 3692 653 3776 diegapenthi
669 3695 774 3759 Proeti
790 3694 857 3759 tilio
869 3694 983 3779 (hiucz
1000 3700 1010 3728 ‘
1027 3696 1191 3777 meunqu

111 3793 275 3877 Myceuae'
289 3816 349 3877 pro
364 3796 474 3858 irradia
488 3794 649 3878 Graecia).
1184 3832 1190 3851 ·

152 3896 207 3960 Ex
230 3896 337 3959 Seruii
362 3898 404 3959 ad
424 3898 482 3960 lib.
500 3916 566 3975 ιἰι,
581 3900 647 3963 372
667 3900 852 3963 narratione
873 3900 994 3965 Dana'e
1014 3900 1059 3965 ad
1079 3897 1191 3965 latin

109 3998 231 4076 delata,
248 4003 257 4031 ‘
274 3999 349 4080 regi'
363 4000 503 4082 (addunt
514 4002 572 4064 alii
585 4001 729 4065 Pilumni
744 4021 873 4078 nomen,
889 4000 1092 4067 Rumlorum
1103 4006 1192 4111 ιαμ

110 4096 272 4183 l'ourpon.
287 4102 367 4165 San.
382 4102 464 4179 edit)
479 4103 614 4167 ‘oblata
626 4101 706 4165 suit:
721 4102 780 4184 qui
793 4122 867 4167 eam
881 4102 948 4167 sibi
962 4102 1043 4169 fecit
1055 4106 1197 4175 unani
