2664 4686
297 316 495 370 uxouusos
509 319 536 367 a
558 317 612 368 un
626 317 887 369 annulos-arn.
904 320 929 369 r.
1076 292 1163 372 W
1211 330 1215 337 ·

59 463 566 550 ‘genetricisothmnidarem
582 461 823 548 speluncisque
837 464 932 528 lucus
951 464 1099 544 clauses,
1112 467 1162 531 lu-

57 585 184 652 coque
194 563 521 653 suanm-Oropia
542 566 605 629 sub
625 583 748 648 magna
767 565 913 629 labentia
925 565 1062 630 flumina
1075 572 1163 632 terra

55 667 242 752 Specmlrat
254 667 387 731 diversa
399 664 507 743 locis,'
528 670 688 749 tanquam
709 666 744 727 in
764 682 882 748 magno
896 683 998 748 regno
1012 666 1161 733 diversas

54 768 261 850 psorincins,
274 769 439 851 mgiones,
451 773 588 843 metm,
605 783 666 849 per
687 783 901 833 cavernarum
913 767 1086 831 mrim
1100 786 1161 851 pa

53 872 182 950 “mi
202 871 338 934 etinter
357 870 418 934 luas
438 874 522 952 putu
542 868 648 933 imae
669 885 845 933 cavernam
865 867 1093 952 illamqua
1112 874 1161 943 te,-

521 1252 699 1274 ΜΙΙΝΜΟΟ

84 1428 437 1547 excussus
474 1474 563 1549 nn
601 1469 910 1547 smarnos
940 1470 1129 1546 urar.

584 1605 639 1681 L.

66 1728 73 1736 ’
183 1768 237 1819 na
251 1766 470 1820 munerario
487 1738 846 1833 nmuuu„1u1>n1ur's'
862 1765 1032 1831 concurs,

499 1874 542 1925 ru
558 1871 719 1923 aaaron.
738 1892 741 1896 -

99 2032 126 2094 r,
140 2014 174 2081 8.
213 2011 284 2079 ‘Vi
306 2014 481 2098 Superum,
500 2032 604 2081 saevae
626 2034 805 2080 memorem
826 2014 969 2079 Junonis
991 2017 1035 2079 ob
1056 2015 1163 2083 iram?

59 2115 143 2182 Gmn
166 2116 301 2180 omnino
325 2115 498 2180 exordium
523 2115 589 2181 hoc
614 2116 720 2180 multo
743 2137 820 2181 cum
838 2116 970 2202 judicio
995 2121 1028 2180 et
1052 2116 1164 2181 verbis

58 2214 318 2298 agnuscastus
339 2215 623 2299 elaboratumsit:
646 2216 771 2299 quippe
786 2216 876 2298 quod
892 2215 1105 2298 omniaque
1127 2214 1164 2278 iu

60 2317 192 2381 actione
212 2316 277 2391 hac
302 2316 401 2398 epica
428 2315 564 2398 potiora
587 2320 674 2390 sunt,
703 2316 961 2398 complectatur3
994 2335 1061 2399 quo
1087 2316 1164 2400 ipso

56 2414 221 2501 Virgilius
250 2415 392 2481 Homeri
420 2414 666 2497 simplicitatem
695 2419 763 2478 arte
797 2416 976 2497 superavit,
1008 2416 1066 2501 qui
1099 2418 1163 2483 hoo

58 2523 159 2580 unum
178 2535 312 2580 narrare
334 2536 372 2600 se
394 2514 478 2578 velle
499 2511 680 2597 profitetur,
697 2515 864 2597 quomodo
887 2516 930 2578 ob
952 2517 1162 2597 simultatem,

59 2637 135 2701 quse
151 2620 235 2682 inter
248 2616 412 2684 Achillem
433 2624 466 2680 et
487 2614 768 2697 Agamemnonem
789 2617 1029 2697 intercesserat,
1043 2639 1164 2703 magua

59 2717 266 2784 Achivorum
290 2726 417 2801 strages
444 2717 534 2781 facta
557 2717 623 2796 sit3
654 2723 724 2781 tum
753 2718 807 2781 hic
832 2737 949 2783 versus
979 2721 1090 2783 statim
1120 2725 1164 2786 ab

60 2819 155 2884 initio
167 2821 434 2902 expectationem
463 2818 544 2881 facit
564 2817 737 2881 ministerii
768 2819 927 2897 Deorum,
951 2821 1166 2908 inprimisque

61 2921 210 3003 pericula
231 2926 265 2984 et
285 2921 416 2984 labores
441 2936 486 2981 ex
509 2919 597 2982 odiis
620 2918 763 2983 lunonis
787 2923 948 3001 minatu13
973 2923 1165 2989 discrimina

61 3022 161 3099 mim,
176 3040 253 3103 quae
268 3021 345 3104 quis
360 3039 381 3085 a
396 3018 473 3083 Diis
488 3018 621 3101 objecta
636 3019 715 3097 adit,
730 3025 821 3083 tanto
834 3022 986 3101 graviora
1000 3042 1074 3088 esse
1089 3046 1166 3108 pro·

60 3120 173 3186 babile
192 3119 243 3198 fit,
256 3120 401 3203 facitque
422 3118 508 3183 adeo
530 3138 571 3182 ea
590 3139 643 3183 res
665 3121 709 3185 ad
732 3121 900 3185 notionem
921 3124 1166 3203 magnitudinis.

64 3220 151 3301 llum
163 3221 205 3285 de
218 3241 254 3285 re
267 3223 343 3304 ipsa
356 3220 422 3284 alio
432 3221 505 3304 jam
519 3222 596 3285 loco
612 3229 722 3286 actum
737 3224 782 3286 sit
795 3224 944 3285 universe
956 3221 1122 3307 (Disquis.
1141 3243 1167 3306 1,

64 3322 104 3388 de
118 3320 233 3389 Germ.
248 3322 346 3405 epioo
361 3341 389 3385 s.
407 3339 474 3386 vrr.
491 3342 519 3387 s.
537 3318 608 3404 rx),
624 3323 765 3405 agedum
778 3342 984 3406 exponamus
999 3344 1064 3389 uno
1079 3326 1167 3407 loco,

64 3423 232 3509 quomodo
246 3422 408 3505 Virgilius
429 3424 464 3487 iu
486 3428 555 3487 toto
579 3425 733 3489 carminis
755 3427 806 3489 sui
829 3433 939 3490 tenore
957 3427 1090 3491 invento
1104 3429 1168 3493 hoc

64 3543 144 3590 usus
166 3524 221 3588 sit
264 3522 490 3605 Intelligemus
511 3525 649 3602 scilicet,
671 3544 783 3588 verum
805 3546 878 3590 esse
901 3527 990 3610 quod
1011 3527 1069 3592 illo
1090 3529 1169 3594 loco

66 3625 192 3692 dictum
206 3633 269 3704 est,
282 3625 379 3689 valde
394 3625 560 3689 diversam
575 3626 669 3690 illam
683 3628 842 3690 rationem
857 3647 929 3691 esse
944 3629 987 3691 ab
1001 3648 1053 3705 ea,
1070 3648 1170 3712 quam

67 3725 238 3793 Homerus
266 3731 399 3792 secutus
423 3733 497 3807 est3
529 3727 583 3790 hic
616 3728 702 3791 enim
725 3727 837 3792 afflatu
873 3729 986 3794 divino
1013 3720 1169 3813 abreptus

66 3827 179 3893 omnia
194 3847 271 3892 cum
283 3827 348 3891 ilde
361 3833 483 3906 narrat,
499 3834 656 3910 tanquam
679 3829 707 3892 is
729 3830 786 3913 qui
802 3829 866 3893 sibi
880 3831 1055 3912 persuasit,
1069 3849 1109 3892 ea
1122 3829 1173 3891 ita

66 3935 272 4012 gestaesse3
294 3931 329 3993 in
350 3928 489 3993 Marone
510 3948 588 3993 vero
610 3931 755 3994 studium
776 3930 916 4013 fingendi
938 3950 989 4008 ea,
1004 3949 1078 4013 quae
1094 3927 1172 3992 aliis

64 4027 268 4114 persuadere
292 4029 417 4112 cupiat,
446 4029 567 4094 subtile
595 4048 744 4110 acumen,
772 4037 805 4096 et
831 4033 915 4095 mira
942 4028 1109 4111 sagacitas
1137 4031 1172 4121 iu

65 4130 165 4196 rebus
180 4128 347 4195 Romanis
361 4146 437 4194 cum
450 4128 606 4217 'I’rojeriis
617 4132 849 4198 consociandi‘s
863 4131 993 4198 eminet
