2664 4686
121 288 209 353 4372
376 282 538 351 axonis.
562 302 620 351 ιιι.
645 303 696 351 an
720 301 792 352 aa.
817 301 895 356 ura.
917 303 983 357 ιι.

121 425 222 516 tenori
235 449 332 516 facile
346 450 528 514 existimes.
572 444 703 515 clarior
716 469 769 514 res
781 455 834 516 est
855 452 892 516 in
913 454 991 519 alio
1006 456 1125 539 signo,
1138 455 1226 525 illm

122 558 205 627 illud
219 555 331 630 edunt,
346 553 382 616 in
397 551 611 617 Morimentis
628 552 854 620 Mattbeiams
868 561 893 621 t.
906 572 1022 636 xovr,
1039 560 1143 644 cnjus
1155 566 1230 625 tro·-

121 683 182 731 cus
195 680 240 724 ex
255 656 447 723 alabastrite
461 658 581 717 temere
595 655 738 722 refectus
752 663 803 724 est
814 661 928 743 capite
950 663 1227 748 manibusqnaex

120 782 281 832 marmore
296 759 487 825 Numidico.
532 756 599 822 Sed
610 765 745 826 huncne
757 763 963 846 praeclarum
974 771 1033 830 est
1047 766 1227 849 exempl·

119 868 254 934 habitus
269 863 417 946 Phrygii.
463 860 671 929 Conveniunt
684 865 720 927 in
733 864 869 929 eandem
890 868 1049 949 mem
1064 866 1137 933 dno
1148 867 1233 952 s'q}

119 970 235 1040 eodem
251 972 286 1035 in
299 970 377 1033 loco
389 972 529 1051 reperta,
545 968 710 1032 simillima
723 968 805 1032 inter
820 987 868 1045 se,
883 970 1022 1052 sibique
1037 968 1226 1054 responde·

119 1077 178 1153 tia,
203 1091 344 1158 quorum
363 1072 501 1135 alterum
525 1072 586 1135 sub
601 1071 736 1135 Paridis
749 1073 883 1136 nomine
897 1071 1065 1136 exhibuit
1078 1071 1226 1137 Gnattd

118 1175 332 1263 (Monimenti
346 1173 459 1237 inediti
475 1173 517 1237 ad
533 1190 565 1238 a.
584 1191 766 1239 cxxxvrr.
782 1175 881 1258 p.·ti7.
900 1170 980 1257 111.)
994 1174 1155 1252 alterum,
1166 1193 1224 1238 mu·

114 1278 190 1364 jore
203 1297 278 1342 cum
292 1276 481 1357 sagacitate,
502 1275 563 1338 sub
578 1276 717 1341 ministri
732 1275 905 1340 Mithriaci
922 1275 1066 1340 nomine
1080 1274 1225 1341 visenti

121 1377 214 1444 Mus.
229 1374 470 1441 Pio-Clement-
491 1375 589 1440 Tom.
606 1392 664 1455 111,
678 1371 748 1442 tuh.
764 1392 853 1442 xxr.

164 1479 378 1563 Conspicitur
391 1478 522 1554 similis,
537 1484 595 1542 aut
608 1478 770 1543 accedens
784 1479 838 1556 iis,
861 1478 1008 1542 vestitus
1023 1479 1060 1543 in
1076 1480 1155 1546 aliis
1174 1497 1222 1543 an·

119 1582 220 1667 tiquis
241 1579 446 1661 fragmentis.
500 1576 556 1643 Ad
581 1579 740 1662 majorem
763 1580 933 1643 mollitiem
946 1584 1224 1663 comparatusest

98 1684 203 1746 alius
215 1682 355 1745 vestitus
369 1679 570 1745 tenuissimae
593 1681 754 1757 materiae,
776 1685 890 1744 ventre
914 1679 1055 1745 nudato.
1080 1685 1130 1759 (v.
1144 1682 1220 1746 cib

119 1781 318 1846 MussFlor.
335 1794 392 1857 111,
414 1779 558 1865 Lxxx.)
612 1780 705 1846 Male
719 1782 807 1847 enim
822 1782 954 1847 audiere
975 1781 1134 1866 Phryges
1147 1784 1221 1846 aab·

117 1881 289 1967 quissimis
319 1879 475 1944 comtibus
503 1887 637 1964 propter
658 1883 842 1962 mollitiem,
867 1883 1119 1949 increbescante
1147 1886 1221 1947 inter

61 2067 63 2071 ¹
117 2004 176 2050 eos
188 1985 272 2048 luxu
285 2001 329 2045 ex
344 1980 476 2064 opibus,
491 1980 632 2059 scilicet,
647 2002 733 2065 quas
748 2002 867 2051 aarum
888 1983 923 2046 in
944 1983 990 2046 iis
1015 1983 1105 2048 locis
1124 1984 1219 2066 Phry·

118 2086 184 2169 gire
212 2089 246 2148 et
274 2081 405 2166 Lydiae,
438 2081 541 2144 etiam
568 2083 604 2144 in
640 2085 804 2162 amnibus,
840 2090 1008 2166 repertum
1041 2086 1219 2150 invexerat

119 2187 229 2252 Multa
243 2185 312 2249 alia
326 2182 405 2248 addi
419 2188 565 2265 possent,
586 2184 616 2248 si
639 2183 692 2248 his
715 2187 810 2249 locus
828 2185 885 2248 hic
907 2191 1018 2265 esset3
1051 2207 1168 2251 verum
1181 2184 1218 2250 ad

116 2309 186 2354 rem
200 2287 332 2364 sufficit,
347 2306 389 2349 ex
406 2285 558 2368 Phrygiis
573 2305 705 2369 quoqne
716 2288 877 2371 operibns
891 2307 1067 2371 apparere,
1091 2290 1182 2354 innui
1200 2308 1218 2352 a

116 2389 219 2475 poeta
233 2387 438 2471 chlamydem
454 2385 630 2470 Phrygiam
640 2387 777 2450 fibulam
792 2389 962 2452 astrictam
976 2390 1010 2451 in
1024 2389 1174 2455 humero.

161 2491 246 2555 Sunt
274 2491 406 2554 omnino
434 2489 469 2551 in
496 2490 620 2553 amictu
649 2489 795 2574 Phrygio
827 2489 983 2554 nonnulla
1011 2492 1217 2557 notabiliora.

116 2594 261 2669 Scilicet,
277 2592 340 2655 etsi
355 2591 409 2653 ille
424 2590 467 2653 ad
481 2591 596 2654 luxum
622 2598 655 2655 et
675 2593 845 2656 mollitiem
868 2592 1139 2657 accommodatus
1160 2599 1215 2669 est,

115 2698 256 2777 apparet
277 2697 387 2756 tamen
412 2710 431 2753 e
455 2691 643 2754 borealibus
667 2693 752 2758 locis
777 2713 851 2756 eum
875 2692 1054 2756 deductum
1079 2693 1216 2778 ejusque

115 2814 210 2859 usum
226 2791 440 2873 antiquiorem
454 2791 538 2853 inter
551 2791 670 2873 gelidae
686 2794 794 2875 plagae
810 2793 937 2857 incolas
949 2791 1067 2872 fuisse,
1094 2797 1217 2879 quippe

36 2897 43 2904 '
115 2895 237 2980 quibus
250 2897 352 2958 totum
367 2905 487 2975 corpus
501 2892 651 2955 vestibus
673 2893 850 2970 involvere,
874 2895 1014 2976 ipsaque
1038 2895 1166 2960 femora
1185 2903 1216 2960 et

114 3014 209 3063 crura
223 3001 332 3077 tegere
345 3013 419 3059 mos
433 2998 483 3057 est
504 3011 526 3056 a
547 2999 667 3057 natura
680 3000 890 3059 nomenatus.
933 2993 1075 3077 Spectat
1094 2998 1156 3062 hoc
1175 3000 1214 3061 ad

115 3099 284 3183 Phrygum
312 3097 474 3177 origines:
511 3096 636 3178 quippe
665 3115 750 3178 quos
773 3115 791 3159 e
820 3097 905 3160 locis
930 3097 1122 3163 borealibus
1143 3119 1213 3164 cum

15 3239 24 3256 .
112 3199 297 3263 Thracibus
319 3199 354 3261 in
378 3197 613 3262 Macedoniam
633 3196 846 3261 descendisse
868 3199 1011 3280 hincque
1035 3201 1070 3263 in
1098 3199 1210 3265 Asiam

113 3301 284 3384 trajecisse
306 3300 442 3380 annqua
454 3298 545 3361 sama
559 3297 630 3362 fuit.
687 3298 807 3381 Itaque
820 3300 958 3362 vestitus
973 3304 1160 3366 communis
1173 3303 1210 3365 iis

111 3408 163 3466 est
186 3421 262 3464 cum
281 3400 395 3463 habitu
411 3400 592 3475 Dacorum,
608 3399 815 3478 Parthorum,
832 3401 1040 3484 aliorumque
1061 3404 1208 3468 barbaro-

108 3515 183 3565 rum
197 3521 219 3564 a
233 3501 457 3582 septentrione
472 3498 514 3561 ad
525 3500 640 3563 mitius
653 3502 774 3566 coelum
791 3501 963 3585 solumque
977 3504 1206 3585 proiectorum.

110 3602 212 3668 Aliud
235 3607 296 3679 est,
319 3602 408 3685 quod
435 3603 477 3666 ad
499 3602 749 3668 illustrationem
773 3607 1051 3670 commemorabo.
1108 3606 1206 3672 hlolta

109 3709 185 3771 nint
198 3704 384 3787 anaglypha
399 3704 591 3780 Mithriaca,
613 3705 648 3766 in
669 3705 789 3787 quibus
805 3704 945 3769 Mithres
960 3725 1145 3790 expressus
1163 3712 1206 3771 eat

107 3806 210 3879 simili
225 3822 360 3889 prorsus
375 3807 461 3889 ejus,
477 3809 534 3889 qui
549 3805 714 3890 Phrygum
729 3807 803 3883 fuit,
820 3807 954 3871 habitu:
987 3827 1057 3890 quo
1070 3810 1146 3892 ipso
1158 3806 1202 3871 iir-

109 3915 216 3974 matur
236 3909 282 3986 id,
305 3900 394 3990 quod
417 3909 480 3972 viri
505 3908 595 3971 docti
617 3907 808 3984 docuerunt,
823 3909 1000 3989 religiones
1014 3909 1091 3973 illas
1108 3925 1202 3973 noua

110 4007 225 4074 Persis
238 4030 312 4074 esse
326 4006 476 4086 traditae,
496 4008 556 4073 setl
571 4011 606 4072 in
620 4005 704 4072 Asia
726 4008 925 4075 occidentali
945 4009 1030 4073 inter
1050 4004 1200 4075 omnam

108 4118 264 4193 repertas,
286 4111 494 4197 interpolatis
517 4116 554 4176 et
574 4110 748 4195 permixtis
771 4110 878 4175 sacris
897 4129 920 4177 a
941 4109 1059 4177 Persis
1079 4111 1197 4184 ductiet
