2664 4686
189 317 278 386 4⁰26
589 326 789 379 nonnus
807 328 898 379 xur.

191 479 245 544 ed.
258 475 395 554 Bourd,
410 495 431 540 o
449 494 517 559 quo
538 479 648 538 lumen
666 492 736 538 non
755 478 825 538 lem
845 472 1000 556 poetices
1016 472 1178 552 nerones,
1195 493 1286 560 quen

191 578 448 661 ffleosopborum
466 580 654 640 cominente
665 575 820 657 exposito
832 593 907 637 esoe
918 574 1137 639 moniieuurn
1149 574 1199 641 fit
1272 637 1278 653 ,

194 728 201 741 .
236 677 378 757 Quoties
403 679 501 758 igitur
525 675 648 759 poete,
674 677 886 759 inprimisque
914 676 1083 758 principes
1104 676 1175 754 isli,
1200 675 1286 740 Deos

192 799 267 845 cum
280 781 468 844 bominibus
482 798 579 860 egere
592 780 701 862 iisqne
714 781 870 842 interesse
882 776 1027 856 iaciunt3
1040 775 1174 843 faciunt
1186 783 1287 841 oulen

190 880 256 944 boe
283 881 481 963 saepissime,
505 900 550 943 ex
577 884 714 962 recepto
734 881 817 943 inter
841 884 969 942 veteres
994 878 1226 961 persuasione,
1248 876 1287 940 nd

191 1000 292 1063 qnam
311 979 431 1046 divinae
452 986 578 1045 naturae
601 980 732 1062 species
750 979 895 1043 bumana
911 978 1013 1060 vulgo
1031 976 1162 1041 creditu
1176 996 1286 1042 neees-

188 1081 279 1146 sario
293 1082 415 1147 ducere
427 1082 551 1159 debuit,
566 1085 601 1147 in
614 1083 798 1165 priseorum
824 1082 992 1144 bominum
1011 1085 1046 1143 et
1064 1078 1203 1143 berorum
1215 1079 1286 1155 vitu,

190 1178 259 1244 iere
272 1188 309 1246 ut
320 1183 354 1245 in
368 1185 439 1249 vita
450 1185 723 1267 patriarcharum,
740 1182 833 1247 Deus
844 1182 988 1245 invisere
999 1179 1163 1256 hominos,
1179 1178 1224 1242 ἃᾶ
1234 1198 1286 1242 0⁰⁸

191 1280 369 1361 devertere,
392 1304 505 1349 eorum
527 1285 671 1366 bospitio
697 1285 759 1359 uti,
784 1283 827 1346 iis
853 1300 1036 1358 occurrere,
1061 1298 1233 1344 semones
1251 1297 1286 1343 rc

191 1381 334 1447 consilia
360 1386 602 1449 communicare
629 1385 773 1462 solitos;
805 1385 936 1466 quoties
962 1382 1063 1465 igitur
1091 1381 1189 1446 Deos
1213 1381 1287 1446 inter

189 1480 340 1549 homines
360 1505 457 1568 ogere
474 1490 653 1551 memorent
666 1483 796 1569 polite:
818 1485 850 1547 si
870 1483 1004 1548 modum
1024 1481 1164 1564 quidem
1185 1488 1221 1546 et
1240 1501 1286 1546 re·

192 1583 314 1651 tionem
339 1592 522 1670 exponunt,
541 1605 646 1670 quem
669 1592 780 1652 tumen
804 1605 898 1668 sepe
918 1584 1088 1648 decimare
1105 1585 1286 1667 negligunt:

192 1690 250 1748 eut
265 1686 336 1764 Dii,
351 1688 414 1751 etsi
429 1707 505 1751 cum
517 1688 702 1752 bominibus
724 1696 835 1769 egunt,
849 1687 950 1769 plane
968 1705 1005 1748 se
1024 1685 1198 1750 bominum
1209 1685 1286 1751 visui

191 1803 259 1848 nou
284 1789 475 1872 subjiciunt,
496 1796 553 1853 eut
578 1790 614 1853 iu
636 1794 848 1872 eonspectum
872 1789 1009 1853 veniunt
1031 1787 1216 1866 munim,
1236 1793 1288 1851 ent

191 1885 299 1951 formu
311 1889 453 1955 humone
465 1898 613 1955 assumta
626 1910 665 1954 se
678 1890 828 1968 offerunt,
842 1895 880 1955 ut
891 1896 1000 1956 tamer
1018 1907 1112 1966 mox,
1126 1888 1287 1955 solemn

193 1985 492 2069 discessu,divinae
500 1994 931 2077 praesentioenonnunqnum
938 1992 1036 2073 signa
1043 1992 1161 2074 eliqua
1169 1991 1276 2056 edunt

236 2087 278 2153 In
302 2093 468 2155 variandis
493 2094 547 2155 bis
575 2098 752 2173 sequuntur
776 2091 889 2175 poete
909 2091 1085 2156 nonnullus
1108 2090 1197 2155 elias
1222 2092 1288 2174 opi·

190 2190 306 2256 niunes
319 2193 400 2256 inter
412 2193 544 2275 priseos
557 2190 707 2255 homines
724 2198 893 2274 reeepbs:
914 2192 1023 2273 prirno
1039 2190 1289 2272 quiderm-Deos

190 2296 328 2381 proprie
340 2313 402 2359 sue
415 2313 457 2358 ac
471 2291 587 2356 divine
600 2290 714 2374 specie
734 2310 758 2354 n
775 2291 971 2356 mortalibus
985 2296 1044 2356 eut
1057 2293 1193 2357 omnino
1206 2293 1288 2359 oerni

192 2413 260 2458 non
273 2413 373 2476 posse
393 2400 451 2457 eut
471 2412 537 2456 uon
558 2391 624 2455 nisi
646 2409 721 2453 cunr
741 2392 820 2457 vites
841 2391 1038 2467 discrimine,
1051 2396 1127 2476 (pro
1137 2394 1290 2477 exernplo

191 2496 236 2560 sit
250 2494 392 2572 Semele)
409 2495 525 2559 saitem
544 2492 715 2556 oculorum
733 2493 896 2570 cecitate,
915 2496 961 2570 (r.
978 2511 1009 2556 c.
1028 2492 1152 2576 Hymn
1174 2495 1210 2558 in
1227 2492 1291 2559 Ve-

192 2594 260 2660 ner.
273 2597 349 2662 188.
370 2615 403 2658 v.
419 2594 463 2658 ed
486 2594 615 2658 Gallim.
637 2589 677 2653 Ie
692 2590 734 2654 P.
754 2591 800 2659 82
820 2594 998 2677 Spunbem.
1017 2601 1053 2660 et
1071 2594 1116 2658 ed
1136 2596 1218 2674 1⁰2)
1230 2615 1290 2661 non

193 2715 294 2780 posse
313 2697 422 2761 cerni:
445 2697 510 2759 nisi
533 2691 617 2761 forte
640 2697 685 2761 ob
705 2697 902 2774 bominibus,
921 2697 980 2778 qui
1002 2696 1145 2777 θεοφιλεῖς,
1170 2717 1193 2761 e
1216 2698 1290 2762 Diis

194 2799 296 2862 amati
309 2805 440 2863 essent:
462 2795 536 2860 olm
549 2800 609 2882 γὰρ
625 2798 764 2861 τάπησι
784 2797 836 2860 lei
855 2794 998 2880 φαίνονται
1014 2797 1152 2884 lutaris,
1168 2798 1291 2884 odyss.

194 2905 236 2976 Π,
247 2900 321 2966 161.
353 2899 479 2964 Contra
488 2901 614 2984 χαλεποὶ
632 2901 660 2964 δὲ
679 2899 823 2982 φαίνεσθαι
838 2900 974 2985 θναςγιῖς,
988 2898 1087 2964 Iliad.
1104 2908 1136 2979 T,
1153 2901 1228 2967 131·
1240 2901 1291 2967 Cf.

192 2997 370 3084 Spenbem.
399 3000 530 3066 Gallim.
558 3000 626 3085 Ap.
654 3003 688 3067 9.
731 2998 873 3078 Quoties
899 3001 1000 3082 igitiu
1027 3000 1114 3066 ulios
1135 3001 1290 3067 'bomines

192 3102 314 3169 adeunt
341 3104 411 3180 Dii,
436 3105 549 3188 specie
569 3123 629 3167 eos
656 3102 799 3166 bumana
827 3106 978 3167 assumta
1005 3102 1071 3166 illis
1099 3122 1290 3169 occurrere:

190 3222 265 3266 esse
278 3223 359 3268 vero
372 3203 517 3268 divinem
538 3204 685 3287 speciem
701 3203 848 3267 numana
860 3205 1030 3288 majorem,
1042 3203 1207 3289 longeepne
1219 3207 1292 3290 pul-

194 3303 372 3385 cbriorem3
394 3307 507 3388 itaque
521 3305 648 3386 quoties
662 3302 903 3386 pulchritudine
920 3303 1059 3386 insignis
1072 3292 1197 3388 uliquis
1209 3326 1293 3372 rnor-

192 3404 1291 3488 lolisseseollemnumensubeespecieleteresuspiosrioolffln

193 3505 287 3569 utin
309 3506 448 3589 Hymno
468 3507 503 3570 in
524 3506 813 3589 Dionys.19.20:
844 3526 942 3590 porro
965 3507 1060 3571 Deos
1080 3509 1172 3572 nube
1192 3509 1291 3575 modo

192 3605 348 3672 candenti
361 3607 463 3671 modo
485 3608 667 3688 caliginose
678 3609 830 3673 -emictos
850 3608 895 3672 od
916 3608 1077 3685 bomines,
1094 3610 1293 3692 quibu-mu

192 3715 307 3789 egunt,
322 3707 488 3771 accedere.
531 3706 619 3785 Quae
634 3711 746 3773 omnia
765 3729 841 3774 cum
861 3727 1019 3774 sensuum
1036 3718 1225 3779 nossem
1238 3713 1292 3799 jn·

191 3808 281 3875 dicio
294 3808 343 3872 ite
355 3809 532 3891 eonjunete
545 3815 633 3886 sunt,
653 3815 692 3874 ut
710 3812 856 3874 omnium
876 3819 1063 3893 temporum
1079 3813 1293 3896 populon-

193 3930 260 3996 que
282 3910 450 3993 opinione,
472 3911 536 3973 nisi
559 3911 618 3991 qui
643 3918 701 3976 sut
726 3912 870 3977 belluim
897 3931 989 3976 more
1015 3913 1291 3990 vivunt-und

194 4031 357 4076 summum
384 4008 631 4094 pbilosopbiern
653 4013 796 4097 expoliti
823 4019 911 4090 sunt,
933 4018 1069 4096 reeepte
1094 4031 1139 4077 ee
1162 4014 1294 4081 habnt:

193 4110 364 4178 darnulio
379 4109 1300 4214 domiumeurupettumffiniboseumlnnentgmbuue
