2664 4686
111 292 199 363 4142
445 344 449 353 .
479 354 481 358 ,
538 308 736 359 axcuasos
759 310 786 371 r,

106 465 222 542 poloro
237 460 460 538 nuncupatam
473 454 583 534 docet,
602 455 660 519 ubi
673 454 818 541 hnjuoa
836 457 955 522 classis
968 454 1113 523 AEmeam
1126 453 1190 533 (Do
1227 468 1232 475 ·

111 561 193 627 dono
207 559 418 630 reuertentem)
440 561 636 638 expectasse
649 559 823 641 sociosque
838 566 939 621 contro
954 559 990 623 in
1003 559 1142 625 tumulis
1151 559 1193 623 be
1248 558 1250 595 ³

108 650 224 729 -bnisse
239 662 447 734 memoratur,
470 675 546 740 quae
570 677 615 721 ex
639 659 698 723 illo
721 667 865 742 tempore
883 657 1021 744 Trrq'cau
1044 660 1194 744 appellen

111 772 184 833 tur:
217 761 304 826 unde
328 766 480 842 apparet,
508 759 655 822 divinum
679 761 813 842 poetam
829 761 918 827 aliud
933 770 1198 845 agentemvernn

110 886 242 950 semper
263 861 441 944 attingere?
495 861 638 944 Egregia
657 865 858 945 grammatici
879 865 1082 930 observatio.
1134 862 1202 928 Erat
1248 906 1250 913 -

111 970 226 1051 utique
241 964 332 1049 apud
347 964 543 1028 Buthrotum
558 963 664 1041 collis,
679 966 713 1028 in
728 984 795 1048 quo
810 966 936 1030 AEneaa
958 973 1072 1032 casua
1092 969 1203 1035 babue-

111 1077 174 1150 rat,
201 1067 295 1154 Trojo
308 1065 507 1151 appellatus
531 1067 581 1138 (ut
604 1067 744 1151 Dionys.
767 1087 822 1151 ap.
849 1068 1005 1136 Hudaou
1028 1089 1076 1135 ex
1100 1072 1210 1138 Vatic.

52 1238 61 1257 ,
110 1174 248 1238 lectione
260 1169 479 1237 restituendus
493 1189 528 1250 p.
543 1170 598 1232 40.
615 1169 637 1232 l.
653 1167 723 1253 32),
738 1170 824 1235 etad
839 1182 1054 1258 mareportua
1070 1170 1214 1238 Arctoa

107 1274 221 1338 «lictus
234 1268 362 1356 (ibid.)‚
378 1270 475 1347 unde,
491 1290 565 1333 cum
589 1271 746 1354 templum
769 1271 892 1336 Veneri
916 1293 957 1338 oo
982 1295 1119 1358 qnoque
1140 1276 1223 1341 loco

109 1375 328 1451 dedicassent,
354 1373 487 1437 lonium
511 1392 602 1437 mare
628 1375 806 1457 trajiciunt,
821 1375 976 1440 babentes
991 1396 1109 1442 secmn
1122 1379 1234 1441 navi-

110 1478 252 1560 gationis
267 1475 405 1540 comites
419 1493 460 1539 ac
483 1473 588 1538 duces
602 1492 668 1537 non
683 1493 811 1557 paucos
835 1496 879 1539 ex
901 1476 969 1539 illis
983 1479 1065 1554 oris,
1086 1482 1122 1542 ot
1141 1494 1242 1542 cuna

48 1579 50 1583 ’
110 1580 164 1644 bis
179 1579 355 1644 Patronem
369 1575 528 1640 Thurinm
543 1595 620 1639 cum
635 1577 766 1653 amicis,
787 1596 926 1659 quorum
941 1576 1066 1644 Patron
1079 1580 1250 1663 quiden-

111 1681 156 1745 ad
171 1679 343 1744 Aluntium
368 1678 495 1742 Siciliae
512 1677 679 1755 consedit,
695 1677 822 1760 reliqui,
846 1677 1000 1743 deductis
1022 1682 1060 1744 in
1081 1680 1250 1748 italian-

112 1782 230 1858 sociis,
245 1780 378 1843 domum
391 1779 565 1842 redieruut.
619 1776 710 1855 Quar
732 1780 768 1842 in
780 1774 973 1843 memoriam
988 1781 1146 1848 beneficii
1158 1786 1250 1849 ln-

107 1880 167 1967 qu
191 1879 335 1975 {tomam
356 1879 391 1942 in
413 1875 605 1941 Acarnanes
629 1880 833 1956 contulerint,
851 1881 923 1964 jam
938 1880 982 1944 ad
998 1897 1056 1962 ιη,
1079 1883 1250 1948 bolino*

110 1982 196 2048 tavi.

157 2082 214 2148 Fit
225 2058 356 2147 tandem
368 2080 527 2164 trajectus
541 2081 584 2145 ad
597 2078 701 2145 Italic
714 2083 817 2148 littus.
861 2084 964 2150 Dicat
977 2085 1110 2169 aliquis,
1119 2106 1250 2172 quor-

113 2206 188 2252 sum
211 2185 337 2277 AEneaa
357 2190 425 2249 tam
447 2184 546 2265 longo
569 2203 676 2248 errore
701 2204 760 2267 per
781 2202 871 2248 mare
895 2184 1025 2250 lonium
1047 2206 1153 2272 usque
1173 2179 1250 2252 ad!

112 2288 207 2353 sinus
223 2284 386 2357 Adriatici
401 2304 489 2362 oras,
505 2285 591 2349 unde
603 2304 683 2349 mox
698 2284 808 2349 Italiae
822 2287 915 2350 littus
939 2305 981 2351 ac
1004 2293 1080 2352 tota
1099 2288 1250 2355 Siciliaa

112 2387 253 2471 legenda
277 2389 387 2452 classe
411 2387 482 2465 fuit,
508 2390 580 2452 sive
603 2407 625 2450 a
648 2387 791 2468 Virgilio
815 2389 886 2452 sive
908 2388 952 2451 ab
974 2390 1214 2473 antiquioribus

113 2491 222 2576 poetis
236 2486 400 2553 deductus
414 2493 476 2564 est,
491 2508 565 2551 cum
581 2508 603 2551 a
616 2485 717 2551 Creta
736 2490 836 2552 breve
857 2508 898 2552 ao
921 2496 1047 2554 rectum
1063 2490 1125 2555 iter
1146 2508 1214 2555 ver·

113 2611 172 2656 sus
188 2591 321 2655 Italiam
336 2597 369 2654 et
383 2589 515 2653 latium
538 2591 651 2653 essetl
682 2588 750 2652 Sed
764 2595 796 2652 et
809 2594 880 2653 tota
893 2591 1075 2673 antiquitas
1089 2591 1139 2655 ita
1152 2598 1214 2656 tra·

112 2691 254 2766 diderat,
268 2695 305 2753 et
316 2689 517 2770 quicumque
532 2688 590 2751 illo
605 2694 750 2771 tempore
764 2710 808 2753 ex
822 2689 968 2767 Graecia,
990 2691 1097 2755 multo
1110 2694 1215 2774 mgis

113 2809 158 2855 ex
187 2786 284 2865 Asia,
313 2789 478 2852 solventes
508 2787 646 2867 italiam
675 2789 765 2852 adire
794 2791 876 2854 dicti
905 2798 993 2869 sunt,
1022 2810 1118 2857 oram
1145 2795 1216 2879 ejus

114 2889 241 2954 Orienti
269 2889 444 2954 obversam
473 2894 696 2966 accesserunt,
726 2892 852 2974 quippe
881 2912 960 2975 quae
987 2900 1059 2957 tum
1085 2893 1216 2960 Graecis

113 2994 188 3058 sola
202 2998 272 3056 erat
286 2998 364 3056 nota
386 2997 421 3055 et
441 2991 670 3074 frequentata3
704 3012 780 3056 cum
794 2995 969 3059 remotiora
985 3014 1103 3060 versus
1116 2996 1216 3062 Occi·

113 3095 243 3159 dentem
257 3095 338 3158 inter
358 3102 462 3159 terras
485 3100 609 3157 tantum
631 3112 697 3156 non
718 3095 902 3173 incognitas
921 3101 992 3159 tum
1014 3094 1215 3161 haberentur.

114 3196 233 3281 Itaque
248 3196 350 3280 polita
362 3196 493 3277 egregie
511 3193 660 3258 fabulam
679 3214 773 3259 suam
788 3196 993 3279 antiquitatis
1007 3196 1087 3262 fidei
1103 3205 1216 3263 attem-

113 3319 249 3382 perasse
274 3297 377 3361 videri
399 3297 507 3374 debet,
524 3316 611 3373 cum,
627 3297 741 3360 audito
760 3317 818 3379 per
831 3316 982 3361 somnum
997 3319 1018 3362 a
1034 3300 1216 3364 Penatibus

113 3398 246 3464 Italiam
260 3417 334 3461 esse
350 3397 522 3482 petendam
535 3397 584 3483 (v.
601 3415 658 3476 111,
675 3399 739 3464 163
753 3394 854 3482 sqq),
871 3400 914 3462 ad
930 3400 1094 3465 inferioris
1112 3401 1216 3469 ltalia

114 3505 239 3582 partem
253 3500 446 3563 exteriorem
457 3500 583 3563 AEneas
597 3519 730 3564 cursum
741 3501 862 3581 dirigit3
875 3519 936 3564 nec
950 3503 1015 3565 nisi
1030 3503 1074 3565 ab
1087 3503 1217 3568 Heleno

113 3605 190 3663 vate
203 3601 341 3665 edoctus
354 3607 463 3665 mente
477 3599 609 3666 tandem
624 3601 823 3683 assequitur,
848 3600 891 3664 ad
915 3600 1084 3666 interiores
1108 3603 1215 3669 Italia

115 3719 192 3765 oras
208 3720 244 3765 se
259 3722 280 3765 a
293 3702 371 3768 fatis
385 3702 484 3767 duci:
516 3705 563 3779 (v.
581 3718 639 3779 111,
653 3702 717 3767 381
733 3710 823 3786 sqq.)
845 3702 888 3766 cf.
903 3721 981 3787 sup.
996 3702 1084 3771 Exc.
1102 3721 1156 3769 xv
1176 3704 1217 3769 ad

114 3804 174 3870 lib.
192 3819 233 3866 11.
483 3838 486 3844 =

158 3903 310 3969 Ceterum
324 3905 423 3968 etiam
447 3907 480 3968 in
503 3904 567 3969 hac
592 3923 735 3968 errorum
756 3903 874 3969 AEneae
896 3910 991 3987 parte
1005 3905 1111 3970 multa
1125 3906 1218 3971 fabu-

112 4007 188 4072 losa
213 4026 234 4069 a
253 4004 385 4070 Graecis
398 4023 535 4087 aspersa
549 4003 649 4068 inisse
663 4004 860 4085 intelligitur,
875 4005 1001 4088 qnippe
1015 4008 1141 4089 quibua
1155 4009 1217 4073 boc

110 4113 184 4172 erat
209 4107 431 4192 propositum,
459 4111 497 4173 ut
525 4104 670 4171 Mam
698 4105 875 4171 multorum
897 4107 1030 4190 ingenio
1052 4127 1218 4194 opmaque
