2664 4686
447 350 498 400 io
516 346 687 401 sumone
712 346 792 401 ma'
811 350 883 401 su.
961 338 964 343 ’
1128 326 1217 403 tant

434 778 813 857 EXCURSUS
847 781 915 855 lv.

371 1014 374 1019 -
479 979 531 1031 DE
546 977 678 1028 lAPlDli
694 977 849 1029 MEDICO.

129 1130 229 1209 ΧΠ,
257 1126 330 1194 nol·
357 1126 530 1214 ‘Jamque
559 1124 674 1194 aderat
701 1127 835 1195 Phoebo
863 1135 941 1196 ante
968 1130 1054 1197 alios
1080 1132 1221 1215 dilectae

108 1228 209 1317 lapis
223 1228 377 1296 Iasides!
419 1232 659 1310 Suaviesimus,
675 1232 733 1317 qui
747 1234 905 1317 sequitur,
919 1240 953 1300 et
969 1234 1220 1303 laudatissimus

110 1328 165 1398 e'et
175 1331 327 1406 locusde
338 1330 460 1418 lapide
472 1332 616 1413 medico,
631 1333 694 1398 hoc
708 1339 771 1412 est,
787 1335 951 1419 chirurgo,
967 1338 1085 1420 quales
1098 1339 1220 1406 veterio

111 1433 180 1501 nvi
193 1440 285 1499 erant
299 1431 401 1524 terget.
445 1435 611 1519 Insignem
625 1437 656 1500 ei
670 1437 780 1500 lucem
795 1438 905 1504 attunt
920 1434 1080 1518 Moetren,
1096 1438 1221 1505 doede-

109 1534 390 1614 simusmedicus,
402 1537 438 1600 iu
449 1536 603 1619 catalogo
616 1537 796 1619 imaginum
805 1536 926 1603 celebr.
935 1537 1095 1604 medicor.
1119 1537 1221 1624 (Ver-

110 1636 275 1703 seiehniee
288 1638 380 1703 einer
393 1637 586 1720 Sammluug
598 1655 666 1701 ven
675 1636 868 1701 Bildnissen
876 1636 1221 1725 beriihmterAertre),

109 1738 172 1804 abi
185 1740 345 1824 popm
366 1739 505 1817 Rehdii,
521 1738 604 1804 clari
616 1739 767 1821 pictoris,
788 1739 935 1804 abolem
956 1741 1110 1821 illustrat,
1125 1742 1221 1829 cujus
1289 1826 1293 1834 ¹

108 1847 337 1933 argumentum
349 1845 402 1907 est
414 1840 542 1909 AEuees
557 1841 601 1906 ab
617 1839 737 1923 lapide
752 1845 900 1907 sanatus.
943 1840 1125 1909 Antonium
1140 1842 1220 1910 Mu·

110 1960 196 2022 sam,
210 1928 422 2029 cojus'artem
435 1940 579 2027 Augusti
592 1942 750 2008 valetudo
769 1948 939 2026 tantopere
953 1945 1142 2023 celebravit,
1157 1946 1221 2011 sub

110 2038 223 2113 ullone
234 2064 379 2130 persona
397 2048 437 2111 ut
456 2042 618 2121 laudaret,
632 2043 805 2107 consilium
826 2043 929 2108 fuisse
951 2043 1097 2121 Maroni,
1112 2048 1222 2131 euspi-

111 2136 212 2213 catus
232 2151 284 2211 est
304 2144 424 2211 Franc.
447 2142 658 2210 Atterbnriue
681 2144 716 2207 in
741 2142 822 2207 diss.
847 2145 971 2208 inserta
993 2142 1138 2228 Virgilio
1150 2144 1223 2211 An·

110 2248 200 2333 glloe
213 2246 343 2336 reddito
356 2252 425 2331 eto
438 2244 601 2312 Wartono
621 2250 737 2309 curato
753 2243 849 2308 Tem.
867 2262 917 2309 rv.
962 2245 1018 2311 Fit
1034 2252 1144 2311 tamen
1158 2248 1223 2314 hoe

110 2368 233 2436 parum
254 2349 442 2429 verisimile,
462 2348 660 2430 omninoque
682 2365 802 2429 pamm
822 2346 957 2429 probari
978 2367 1079 2431 posse
1102 2368 1221 2416 censeo

111 2470 217 2535 quiue
238 2450 304 2517 hoc
322 2448 481 2517 referendi
500 2449 578 2513 loca
598 2444 771 2530 po‘e'tarum
794 2447 838 2512 ad
857 2454 966 2512 certos
989 2448 1141 2514 homines
1162 2470 1223 2535 per

111 2552 303 2638 allegoriam
316 2559 350 2618 et
362 2552 570 2616 allusionem.
615 2548 744 2614 Sufficit
757 2548 891 2634 poetam
902 2549 1057 2635 lapidem
1071 2570 1169 2616 suum
1178 2550 1224 2618 ad

113 2654 371 2721 Homerieomm
390 2652 595 2719 medicorum
614 2651 768 2735 exempla
782 2651 964 2719 induxisse.
1007 2652 1154 2720 Senatus
1175 2654 1224 2720 ita

113 2774 138 2822 a
161 2754 350 2822 Maohuone
373 2752 549 2819 Menelaus
568 2751 669 2819 Iliad.
689 2761 729 2831 Δ,
744 2753 820 2818 220.
844 2754 911 2819 213
919 2774 1006 2839 sqq,
1034 2756 1093 2839 qui
1115 2757 1222 2836 locus,

87 2905 91 2911 -
113 2877 184 2925 una
193 2878 270 2925 enm
284 2860 387 2923 altero
402 2856 501 2923 Iliad.
516 2866 555 2935 Α,
570 2856 644 2934 848,
656 2856 715 2920 ubi
730 2854 891 2939 Eurypyli
903 2856 1031 2921 vulneri
1045 2856 1223 2925 Patroclus

113 2952 274 3038 medetur,
288 2957 431 3042 Virgilio
454 2962 527 3022 ante
546 2958 661 3037 oculos
681 2955 830 3019 dierunt:
853 2955 939 3020 adde
962 2957 1005 3020 iis
1028 2976 1069 3021 ea
1087 2957 1176 3037 loca,
1190 2959 1225 3023 in

114 3060 239 3145 quibus
258 3058 377 3124 herode
400 3058 568 3124 vulnerati
584 3057 649 3121 Dei
672 3055 815 3138 aliqujus
837 3055 1021 3121 interventu
1041 3063 1226 3123 recreantur

114 3166 148 3227 et
167 3161 291 3226 vulnus
315 3166 468 3226 sanatur:
491 3166 528 3223 ut
547 3159 676 3224 Hector
696 3155 794 3220 Iliad.
812 3163 850 3233 0,
865 3156 931 3221 236
945 3177 1035 3242 sqq„
1072 3156 1224 3225 Glauces

113 3260 217 3329 nied.
232 3268 273 3339 li,
289 3263 449 3347 5‘27sqq.,
472 3263 593 3345 etipse
608 3259 733 3324 AEueas
748 3259 1082 3337 lineamento.
1120 3258 1224 3325 Orna-
1323 3289 1330 3306 =

116 3369 230 3433 menta
257 3369 365 3428 autem
404 3364 505 3429 Maro
542 3363 743 3446 conquisivit
779 3363 944 3446 ingeniose
974 3382 1015 3427 ac
1043 3362 1224 3445 diligenter.

116 3464 294 3532 Amanium
322 3465 425 3531 edidit
453 3464 618 3549 Apollinis
645 3463 810 3547 lapidem.
855 3463 988 3529 Amatis
1016 3463 1104 3528 enim
1139 3483 1162 3529 a
1190 3484 1227 3530 se

117 3568 232 3653 pueris
253 3572 287 3631 et
307 3568 426 3651 puellis
451 3586 530 3631 suas
555 3571 642 3629 artes
663 3584 755 3650 saepe
785 3570 851 3631 aut
867 3566 1060 3649 promittunt
1083 3571 1141 3631 aut
1161 3566 1227 3632 lar·

117 3669 253 3753 ginntur
272 3667 330 3733 Dii
349 3669 440 3752 apud
462 3666 604 3752 poetas3
625 3684 691 3730 non
715 3667 853 3731 insuave
875 3666 1074 3749 figmentum,
1096 3668 1227 3751 quoties
1300 3740 1305 3751 ,

117 3768 281 3836 excellere
296 3770 439 3852 aliquem
459 3771 494 3833 in
517 3774 586 3832 arte
606 3784 669 3831 sna
682 3765 791 3831 dicere
804 3767 917 3832 volunt
928 3766 1060 3852 poitae3
1083 3787 1145 3852 pro
1158 3786 1226 3852 quo

118 3869 197 3937 aliis
215 3848 301 3935 locis
323 3871 530 3935 contendisse
552 3890 627 3935 eum
648 3890 724 3935 oum
749 3868 825 3934 Deo
845 3867 955 3936 dicere
975 3870 1091 3934 solent.
1136 3866 1226 3933 Illud

119 3974 198 4038 r'cro
218 3972 380 4057 praeelare
400 3972 535 4050 iactum,
555 3967 657 4056 quod,
671 3990 748 4037 eum
763 3989 866 4051 causa
879 3971 1027 4055 optionis
1050 3972 1137 4033 esset
1157 3986 1227 4033 me-

118 4068 365 4151 merendam
380 4075 475 4159 Iapis
490 4082 595 4140 artem
617 4072 783 4139 medicum
802 4070 1147 4158 protenseetartibus
1167 4087 1227 4134 an·

118 4172 269 4256 gmnndi,
294 4175 422 4243 cithara
446 4174 587 4244 canani
611 4181 645 4241 ot
661 4174 847 4261 jaculandi,
871 4175 916 4240 ab
942 4170 1064 4241 adeptu
1090 4168 1235 4259 pietalis
