2664 4686
398 361 451 410 nn
473 361 646 411 nunrnos
670 361 742 410 cru.
768 363 810 410 ιι.
1068 350 1157 417 4085

92 501 155 569 nile
169 506 396 585 argumentum
406 501 548 568 Athenis
562 504 596 568 iu
611 503 742 569 Poecile
757 505 906 587 pinxisse
917 524 960 570 ex
976 505 1157 575 Plutarcho

100 603 256 669 Cimonis
269 602 353 669 Vite
372 626 407 689 p·
421 604 487 670 481
503 623 527 670 A
542 610 693 689 apparet,
718 606 776 670 nbi
801 603 854 679 τοῖς
870 603 1002 692 Τρωάδας
1025 614 1060 673 et
1072 609 1157 677 inter

92 725 104 771 ι
117 704 292 769 laodicen
305 704 350 769 ud
363 712 483 797 ornatus
506 708 570 771 sibi
585 706 758 791 Elpinicen
781 710 927 792 speciem
949 712 1157 793 expressisse

92 811 261 885 noratur)
274 809 309 871 in
322 827 398 891 qua,
416 806 531 890 Epens
551 809 720 873 exhibitus
734 814 804 873 erat
823 810 943 886 nudus,
957 810 1069 895 Trojae
1083 831 1156 879 mu·

92 928 116 973 n
138 908 214 972 solo
238 927 389 992 aequanS,
405 909 604 987 καταβάλλων
629 914 665 984 εἰς
688 907 786 993 ἔδαφος
804 917 860 973 τῶν
886 909 985 998 Τρώων
1001 913 1034 975 τὸ
1048 914 1155 998 πῖχος,

92 1011 251 1076 minente
276 1012 359 1074 inter
385 1011 500 1076 ruinas
523 1012 635 1095 capite
662 1011 750 1096 Equi
774 1013 923 1078 Duretei.
977 1011 1012 1078 A
1035 1016 1156 1098 quibus

92 1108 184 1176 titum
198 1110 356 1175 discessit
368 1109 490 1176 Comes
506 1110 631 1196 Caylus
655 1113 688 1175 in
711 1114 980 1195 interpretatione
992 1119 1027 1179 et
1041 1114 1156 1179 adum·

92 1212 200 1279 itione
225 1213 323 1296 hujus
346 1215 486 1295 picturae
500 1213 610 1298 (Hist.
626 1214 667 1278 de
680 1213 813 1280 l'Acad.
852 1215 911 1280 des
935 1215 1040 1281 Inscr.
1058 1216 1156 1281 Tum.

92 1326 178 1393 ινιι,
199 1335 234 1398 p.
249 1311 321 1398 34).
365 1314 433 1378 Sed
453 1314 568 1400 Epens
589 1337 633 1381 ex
655 1316 790 1381 artificis
810 1323 917 1381 mente
929 1318 1059 1382 ruinam
1072 1318 1157 1383 muri

92 1414 243 1499 tpliuhut
252 1421 290 1479 ut
304 1423 501 1500 prospectus
512 1418 547 1481 in
560 1418 675 1482 urbem
683 1423 824 1500 pateret,
833 1419 919 1483 intru
929 1420 1024 1503 cujus
1032 1418 1157 1483 moenin

92 1521 139 1581 nrt
161 1516 394 1601 patefacienda
417 1519 583 1596 nonnulle,
604 1538 681 1603 quae
707 1519 752 1583 ud
777 1525 999 1603 argumentum
1024 1523 1157 1601 spectu-

92 1622 134 1683 m.
183 1617 311 1684 Praeter
331 1616 467 1682 artificis
489 1624 599 1684 tamen
617 1620 762 1684 animum
776 1639 818 1684 eo
834 1620 945 1702 g'raeca
967 1618 1157 1699 Pausaniae,

92 1737 209 1803 pressa
233 1724 310 1785 sunt
332 1738 354 1782 n
377 1718 483 1802 Caylo
507 1721 606 1784 etiem
629 1719 698 1785 alie
719 1719 884 1784 nonnulla.
927 1718 984 1785 Ad
1006 1724 1156 1811 nostrum

92 1838 180 1905 opus
204 1826 337 1886 servata
361 1840 474 1904 opera,
498 1821 532 1884 in
557 1821 679 1904 quibus
702 1819 817 1904 Equus
843 1819 1006 1906 'Irojnnus
1026 1820 1156 1900 visitur,

92 1918 344 1987 inckelmnnnus
366 1922 446 1986 oiim
471 1923 666 1985 numerabat
690 1927 842 2006 quatuor,
872 1923 1048 2005 picturam,
1072 1922 1157 1987 satis
1245 1983 1249 1989 .

92 2023 164 2089 cite
177 2023 317 2103 sectam·
338 2022 477 2088 Codicis
494 2021 655 2089 Vaticani
670 2044 691 2088 n
704 2024 856 2090 Bottario
869 2024 922 2088 ed.
943 2046 978 2107 p.
992 2025 1037 2090 43
1049 2029 1084 2089 et
1096 2026 1141 2089 47
1148 2045 1156 2105 ;

92 2124 194 2189 mlum
209 2123 351 2190 Iliacam
366 2145 388 2189 e
401 2124 558 2190 Febretto
572 2126 752 2208 uulgatum,
770 2145 859 2190 num.
872 2126 917 2190 95
931 2131 964 2190 et
977 2126 1042 2190 100
1057 2124 1157 2203 (unde

92 2227 372 2308 getusnanstmit
396 2229 430 2290 in
454 2227 512 2293 lib.
527 2227 568 2290 de
583 2227 681 2291 Bello
706 2233 739 2290 et
764 2225 909 2290 Excidio
923 2224 1048 2308 'l'roj.);
1070 2244 1157 2307 gem-
1272 2229 1276 2234 ’

92 2344 137 2391 un
166 2326 253 2410 opud
267 2326 419 2392 Licetum
443 2350 478 2411 p.
492 2329 559 2392 310
572 2327 609 2410 (e
623 2345 689 2408 quo
704 2325 860 2397 Gorleeus
875 2326 1006 2409 repetiit
1019 2325 1061 2391 P.
1077 2341 1105 2389 11
1121 2344 1156 2390 n.

92 2422 143 2513 ik
165 2432 200 2492 et
209 2429 372 2513 picturam
387 2429 673 2494 Herculanensem
686 2426 783 2491 Tum.
800 2442 843 2489 ιιι
866 2432 890 2490 t.
902 2428 946 2490 40
956 2446 991 2491 re
1005 2427 1040 2490 in
1053 2428 1156 2493 risum

92 2547 152 2607 nn,
167 2536 205 2593 ut
219 2549 280 2613 pro
293 2530 433 2613 perodio
447 2531 582 2594 scenice
595 2529 709 2593 haberi
723 2547 776 2592 res
791 2527 914 2610 possit3
946 2528 1069 2610 quibus
1083 2530 1157 2612 ipse

92 2626 176 2696 didit
197 2631 348 2714 quintum
371 2633 562 2713 exemplum
588 2651 607 2694 e
633 2648 773 2712 gemma,
800 2628 954 2694 Monum.
980 2635 1046 2695 snt.
1070 2630 1156 2696 ined.

92 2748 134 2811 Lu,
148 2752 228 2817 qnae
244 2750 320 2795 cum
335 2731 477 2815 Virgilio
500 2733 659 2798 hactenus
683 2733 847 2809 convenit,
863 2732 953 2815 quod
979 2733 1014 2797 in
1036 2732 1078 2798 ee
1097 2752 1157 2798 ex-

92 2850 197 2900 mm
223 2833 258 2897 id
283 2835 373 2918 qnod
398 2852 433 2898 v,
459 2835 525 2900 262
550 2835 708 2917 legimus:
742 2835 968 2899 ‘Demissum
990 2834 1076 2917 lapsi
1100 2856 1159 2919 per

92 2934 181 3015 ηιξ
218 2941 326 3000 tumen
356 2935 456 3000 simui
484 2936 578 3000 scala
606 2934 740 2999 admota
768 2952 855 3016 equo
880 2934 1033 3010 comitur,
1058 2953 1158 3017 quern

92 3035 193 3101 tintus
210 3033 283 3100 Cel.
301 3052 389 3114 xm,
404 3037 449 3101 52
473 3042 507 3100 et
519 3034 700 3118 Tryphiod.
715 3054 749 3096 v.
765 3034 809 3098 89
823 3037 1015 3106 memorent,
1026 3032 1158 3097 Tabula

92 3155 148 3201 nm
168 3135 283 3201 Iliaca
306 3156 396 3202 num.
413 3138 475 3201 100
490 3135 634 3203 exhibet.
680 3132 863 3198 Cernuntur
881 3129 1006 3194 ibidem
1019 3129 1158 3194 claustra

105 3238 168 3304 inf.
183 3238 274 3316 259),
289 3258 367 3321 quae
383 3239 488 3303 Sinon
503 3237 590 3300 laxat
610 3240 643 3299 et
657 3235 773 3319 aperit,
787 3233 819 3297 h.
833 3252 864 3297 e.
881 3229 968 3317 tegio
982 3250 1041 3294 seu
1054 3233 1158 3298 ostio-

92 3360 133 3421 n;
158 3340 248 3423 quod
262 3340 351 3405 idem
375 3360 452 3405 cum
475 3339 550 3403 sune
575 3340 609 3402 in
631 3337 763 3419 picture
778 3334 913 3400 Codicis
928 3333 1042 3399 Vetic.
1063 3353 1099 3417 p.
1114 3335 1159 3399 47

92 3440 198 3507 currit.
247 3440 306 3505 Est
327 3441 461 3506 tandem
489 3446 605 3523 patera
629 3437 781 3514 Etrusco,
806 3457 866 3501 seu
893 3435 1014 3500 Italico
1042 3455 1156 3519 opere,

92 3542 134 3607 nd
158 3541 319 3607 Ionnium
333 3541 474 3627 (Saggio
489 3541 524 3605 di
538 3540 668 3622 Lingua
690 3534 952 3620 Etrusca)Tom.
970 3552 1011 3613 11,
1034 3537 1156 3619 pene.

92 3643 209 3708 tirohet
222 3645 323 3726 igitur
345 3643 448 3727 poete
462 3642 608 3706 fabulum
630 3660 652 3704 a
673 3640 785 3704 multis
808 3641 982 3703 tractatam
997 3641 1030 3701 et
1043 3637 1158 3721 vulga-

92 3764 114 3810 n
143 3752 220 3810 unte
240 3766 277 3813 se
302 3747 461 3831 positam,
485 3743 544 3809 sed
565 3763 641 3808 cum
662 3761 704 3806 eu
725 3740 823 3804 simul
844 3739 988 3820 tragicos
1009 3758 1089 3803 suos
1112 3758 1158 3801 ex

92 3837 415 3930 necis⁶expressos
476 3826 569 3915 Nem
610 3844 699 3909 Livii
729 3839 911 3905 Andronici
941 3840 1004 3904 fuit
1031 3838 1157 3916 fabula,
1215 3909 1218 3913 ,

92 3964 158 4030 pus
174 3944 341 4034 Trty'cuus,
356 3966 376 4011 e
390 3966 460 4030 que
472 3946 657 4029 fragmenta
677 3962 788 4028 pauca
814 3947 1000 4026 supersunt,
1024 3939 1157 4020 aliaque

92 4048 163 4114 evii
191 4068 249 4133 ep.
274 4049 428 4133 Macron
454 4064 507 4127 vr,
532 4048 565 4125 1,
591 4043 689 4111 etde
711 4063 752 4110 eo
776 4051 887 4108 ectum
911 4040 972 4104 suit
999 4040 1034 4101 in
1059 4036 1157 4104 Accii
