2664 4686
118 283 205 350 llas
537 295 735 345 nxcuasns
760 295 786 343 1.
868 324 872 337 .

117 464 193 510 cum
207 443 349 508 similem
364 442 430 505 sere
442 439 631 523 religionem
643 438 760 522 templi
774 436 951 505 dedicandi
975 455 1061 501 mox
1085 435 1129 501 ad
1152 433 1205 501 Ae

117 548 198 611 tium
211 550 282 609 erat
294 549 514 618 enarraturus,
529 541 664 606 taedium
681 540 822 621 effugere
836 539 955 607 voluit.

128 685 135 699 ·
160 645 260 725 Quod
283 642 424 727 Callaecis
446 645 592 708 nonnulli
617 642 858 719 tribueruntid
873 640 1209 707 aliiadcontinenen

117 748 322 817 uamtulisse
346 747 509 812 videntur.
566 745 656 810 Nam
680 765 725 809 ex
750 745 889 809 adverso
913 743 1048 820 insuloe,
1068 742 1114 807 ad
1134 743 1212 807 littus

118 846 311 926 laconice,
337 851 371 913 in
393 849 468 912 sinu
493 846 668 924 Bodatico,
692 847 750 909 uhi
779 846 871 911 circa
900 843 1050 908 Maleam
1078 842 1210 918 flexeris,

29 942 43 965 ⁸
116 950 247 1017 suerum
261 951 438 1034 aliquando
452 951 528 1015 dure
541 951 650 1026 urbeS,
666 966 748 1012 mox
769 949 804 1010 in
827 944 941 1011 Bodas
966 944 1132 1022 colleclae,
1147 939 1212 1006 hita

117 1051 172 1117 vel
198 1050 301 1126 Elias,
325 1058 359 1117 ct
384 1049 609 1134 Aphrodision
645 1054 817 1130 utramque
846 1049 889 1112 ab
915 1047 1026 1111 AEnea
1056 1045 1212 1111 conditam

117 1152 208 1217 fama
221 1152 358 1230 serebat,
384 1173 452 1216 cum
476 1148 532 1214 ille
547 1149 580 1213 in
597 1147 728 1212 Italiam
747 1147 879 1234 sugeret
906 1157 935 1210 et
961 1147 996 1210 in
1021 1145 1106 1210 hurle
1126 1146 1212 1211 dm

118 1251 424 1339 tempestalefuirset
446 1252 576 1316 deletus.
621 1253 752 1318 Nomen
775 1252 870 1316 alteri
893 1271 916 1315 a
934 1250 1084 1327 Venere,
1108 1249 1211 1314 ΕΜ

119 1361 233 1432 matre,
253 1354 346 1419 alleri
368 1353 408 1418 ub
432 1352 528 1418 Eride
549 1352 738 1419 cel-Eliude
754 1353 860 1421 AEueu
880 1353 959 1417 filia.
1011 1351 1060 1417 V.
1077 1350 1213 1415 Pausau.

120 1473 177 1535 ιιι,
192 1457 237 1522 22
250 1463 335 1523 extr.
389 1500 392 1505 -
499 1508 506 1515 .

161 1557 217 1623 Ad
231 1560 347 1624 eadem
372 1560 449 1625 loca
471 1558 673 1624 referendum
686 1556 826 1634 videtur,
849 1557 939 1640 quod
962 1556 1109 1641 Dionys.
1134 1571 1160 1634 1,
1178 1552 1212 1619 al

117 1659 279 1745 Trojanos
295 1681 317 1724 a
331 1659 482 1743 Cytheris
505 1661 671 1727 solventes
695 1661 728 1723 in
751 1656 974 1743 Peloponnesi
998 1653 1213 1743 promontorio

119 1762 271 1824 amisisse
298 1760 484 1826 Ciuaethnm
509 1769 631 1839 namet,
658 1782 679 1825 a
702 1781 769 1845 qno
792 1760 875 1825 illud
900 1760 1110 1845 appellatum
1126 1755 1213 1822 cire

119 1855 228 1923 thiam.
272 1861 514 1926 Videturidem
531 1862 723 1945 essequod
739 1862 889 1927 Pausan.
907 1879 965 1940 111,
987 1862 1033 1926 22
1057 1863 1094 1926 iri
1109 1859 1213 1925 eodem

66 1986 69 1991 ·
118 1960 191 2026 sinu
215 1962 380 2028 Boeotico
403 1969 481 2046 post
504 1963 785 2041 Promontorium
805 1961 904 2027 Asini
925 1964 1113 2039 maxillam,
1127 1960 1215 2027 tradit

121 2056 240 2126 Cinadl‘
247 2048 507 2127 'monumemtum-⁶
531 2065 621 2127 Ἐστι
635 2065 663 2127 δὲ
679 2065 726 2126 καὶ
742 2069 840 2155 μνῆμα
853 2060 982 2142 Κινάδου,
999 2058 1064 2139 νεῶς
1078 2068 1128 2143 τῆς
1138 2070 1215 2127 Μαι·

119 2161 191 2228 λάου
207 2166 256 2229 καὶ
271 2164 350 2242 οὗτος
364 2167 532 2259 κυβερνήτης
547 2163 588 2243 ἦν.
627 2167 783 2232 Variavit
796 2172 830 2231 et
844 2167 879 2230 in
893 2166 956 2231 hoc
969 2148 1215 2249 antiquafama

162 2264 245 2332 Alia
270 2267 343 2333 suit·
357 2268 472 2334 fabula
486 2268 528 2333 de
544 2268 661 2333 AEneae
678 2267 721 2332 ad
735 2265 907 2331 Arcadiam
936 2286 1080 2332 accessu
1102 2268 1140 2331 et'
1156 2264 1216 2330 An·

119 2366 222 2434 chisae
248 2369 283 2431 in
305 2370 349 2433 iis
362 2370 446 2434 locis
461 2371 641 2453 sepultura.
687 2369 805 2433 Fuisse
819 2370 947 2434 scilieet
960 2369 1106 2451 aliquem
1118 2367 1217 2451 suspi-

120 2487 178 2535 cor
199 2469 345 2554 poetam,
367 2472 426 2555 qui
450 2471 523 2536 haec
548 2472 597 2536 ita
620 2477 808 2548 tractasset,
831 2477 888 2535 aut
911 2470 1047 2548 famam,
1075 2490 1154 2554 quau
1176 2470 1218 2535 iu

118 2569 192 2635 hmo
208 2571 315 2649 ferret,
329 2578 376 2648 ut,
392 2592 468 2636 cum
492 2571 741 2649 Samothraciae,
765 2573 915 2654 adeoque
939 2576 974 2634 et
990 2569 1217 2654 ijauorum,

120 2672 259 2752 origines
273 2672 386 2754 prisca
399 2671 515 2754 aliqua
527 2674 712 2737 narratione
739 2671 782 2736 ad
805 2669 958 2735 Arcades
972 2670 1219 2756 referrentur(r.

120 2771 260 2854 Dionys.
277 2788 302 2848 1,
317 2772 373 2848 61,
384 2770 441 2848 68,
455 2772 511 2849 69,
534 2773 591 2836 uhi
606 2772 647 2835 de
660 2773 843 2837 Penatibus
856 2772 937 2853 agit,
951 2770 1038 2834 rmde
1051 2771 1155 2836 etiem
1166 2791 1220 2837 ex·

119 2870 277 2954 plicando
290 2871 349 2937 ills
362 2869 534 2936 Arcadum
555 2878 591 2937 et
615 2871 832 2956 Trojanomm
855 2868 1009 2956 συγγένεια
1037 2892 1068 2936 c.
1088 2874 1134 2938 50
1157 2893 1220 2938 me-

119 2979 256 3051 morata,
281 2993 384 3057 quem
411 2993 588 3040 renovasse
615 2974 767 3039 dicuntur
790 2981 858 3039 tum
887 2973 1050 3058 Trojani),
1081 2975 1220 3041 AEneom

119 3093 195 3141 cum
218 3074 366 3142 Anchise
387 3075 423 3141 in
448 3077 603 3159 antiquas
631 3073 789 3141 Arcadia>
820 3075 918 3139 sedes
941 3075 1126 3153 reduceret,
1149 3095 1220 3141 cum

119 3197 192 3245 sors
204 3183 295 3242 esset
308 3178 397 3254 data,
415 3186 448 3239 ul
473 3174 634 3260 antiquom
656 3185 787 3239 matrem
808 3175 980 3259 acquireret
1005 3179 1056 3252 (ut
1076 3176 1157 3240 AEn.
1183 3192 1222 3254 ιι,

118 3276 189 3362 96).
233 3277 330 3343 Certe
343 3278 464 3343 exalio
486 3276 663 3343 Pausaniae
677 3279 755 3342 loeo
767 3279 827 3343 lib.
848 3276 998 3355 v111,12.
1012 3275 1038 3340 f.
1054 3276 1220 3353 discimus,

120 3377 303 3443 Anchisium
318 3383 489 3455 montemllr
503 3375 650 3464 Ἀγχισία
664 3373 737 3465 ὅςας)
751 3385 784 3443 ot
798 3375 940 3441 Anchise
953 3374 1128 3455 sepulcrum
1144 3379 1222 3445 inter

119 3479 325 3545 Mantineam
353 3487 386 3544 et
409 3478 652 3550 Orchomenum
678 3478 835 3545 Arcadiae
860 3483 1077 3544 monstratum
1106 3479 1220 3545 luisse.

119 3578 231 3644 ‘Cum
244 3582 329 3644 enim
352 3583 387 3645 in
411 3582 487 3645 sinu
512 3579 697 3658 Boeotico:
718 3600 818 3665 quem
842 3580 944 3645 modo
963 3566 1221 3658 nominavimus,

120 3682 383 3760 ‘ascendissent
410 3681 577 3747 Anchises
603 3684 638 3747 in
661 3702 704 3747 ea
726 3683 802 3747 loca
828 3701 1038 3766 quacumque
1054 3681 1098 3746 de
1120 3703 1223 3749 causa

117 3785 283 3872 proiectus
297 3784 387 3849 diem
410 3804 506 3849 suum
530 3785 624 3861 obiit,
640 3785 753 3866 ibique
775 3789 828 3848 est
852 3781 1224 3869 sepultus—Adjaceut

117 3886 277 3953 Anchisae
291 3887 444 3971 sepulcro
459 3885 585 3968 templi,
601 3885 692 3969 quod
704 3885 828 3949 Veneri
842 3883 991 3950 dicatum
1006 3883 1082 3961 suit,
1097 3882 1222 3951 ndum?

118 3986 345 4059 Comentanea
356 3988 409 4054 his
422 3993 601 4055 occurrunt
615 3985 706 4070 apud
721 3984 861 4070 Dionys.
878 3984 991 4050 Halic.
1007 4000 1034 4063 1,
1048 3985 1115 4068 ‘¹93
1146 4004 1222 4063 nam
