2692 4974
418 341 471 390 sn
487 339 659 393 assinos
679 342 754 393 urs.
775 344 848 394 ιιι.
1094 329 1182 398 4381

71 488 141 557 615
154 506 206 571 sq·
229 491 263 552 et
289 485 393 551 Jovie·
419 487 521 551 verba
540 483 617 564 ἰιιι,
631 487 698 552 794
719 484 922 569 ‘indigetem
944 487 1088 553 AEueam
1110 491 1183 556 scia

10 584 27 595 “
72 586 152 675 ipsa
165 595 201 654 et
223 590 309 655 scire
322 590 434 654 lateris
446 589 571 653 Deberi
582 589 683 666 poelo’
697 594 761 654 etc.
1174 636 1178 644 .

118 690 175 756 Ita
188 690 357 755 Ascanius
372 691 523 755 succedit
537 691 700 772 in'reguo.
745 689 898 754 Obsessa
907 690 986 754 urbs
1002 689 1180 761 Lavinium

73 795 119 858 ab
135 792 306 857 Etruscis:
330 791 390 856 sed
414 792 553 857 solvitur
579 792 713 857 obsidio
734 811 814 856 mox
842 791 909 856 alio
937 793 1055 875 praelio
1078 791 1180 873 facto,

74 911 144 979 quo
154 892 344 958 lle-centius
358 892 480 969 victus,
506 913 596 958 carso
617 893 686 957 filio
702 893 826 971 lause,
849 914 968 978 pacem
983 914 1058 958 cum
1072 893 1182 962 Asca·

72 995 132 1060 nic
145 994 239 1060 facit.
284 994 447 1059 Disertius
460 993 534 1059 baeo
547 1001 712 1058 narrata-a
733 995 874 1078 Dionys.
896 1012 922 1071 1,
945 995 1000 1060 64.
1024 996 1079 1060 65.
1122 995 1181 1063 'Ex

72 1096 195 1182 priscis
224 1095 456 1178 scriptoribus,
486 1097 544 1178 qui
571 1097 643 1160 baec
671 1095 719 1161 ita
753 1095 961 1173 tradiderant,
998 1097 1039 1161 L.
1068 1096 1181 1164 Julius

73 1197 193 1263 Goesar
213 1197 274 1262 lib.
301 1213 313 1260 1
339 1201 373 1259 et
395 1194 440 1260 A.
465 1196 659 1261 Postumius
679 1199 713 1260 in
734 1197 793 1261 lib.
818 1196 881 1260 ‘de
895 1196 1038 1262 adventu
1055 1194 1181 1266 AEucse'

71 1300 214 1376 fuerant,
228 1305 266 1364 ut
279 1284 330 1362 ei·
336 1296 477 1362 Victore
493 1297 536 1362 Ο.
552 1298 597 1364 G.
613 1298 658 1364 R.
673 1299 718 1362 15
731 1298 901 1364 discimus.
945 1298 1056 1364 Avida
1070 1307 1180 1368 autem

74 1400 308 1485 cognoscimus
332 1418 385 1476 ea,
408 1418 485 1482 quar
508 1400 724 1464 vetustissimi
748 1400 928 1483 scriptores
944 1400 996 1464 bis
1018 1401 1181 1468 derebus

73 1500 297 1579 tradiderant;
320 1498 436 1563 Livius
449 1499 535 1563 euim
556 1501 591 1564 in
612 1519 731 1582 magna
748 1501 970 1565 narrationum
987 1502 1181 1569 diversitate

73 1608 201 1671 tautum
228 1622 328 1668 uuam
352 1603 420 1667 iere
445 1604 605 1684 sequitur,
630 1621 699 1665 non
723 1622 854 1686 semper
878 1622 919 1666 eo
944 1623 1020 1667 cum
1035 1603 1181 1684 judicic,

73 1724 160 1772 aava
175 1724 252 1771 cnm
266 1704 460 1780 subtilitate,
474 1720 552 1785 quae
567 1722 652 1767 nuuc
668 1723 690 1766 a
703 1704 861 1786 scriptore
874 1723 982 1768 rerum
995 1704 1182 1786 priscarum

73 1807 201 1892 requiri
215 1806 312 1872 solat
355 1803 444 1884 Quae
467 1803 527 1868 alii
551 1804 686 1869 diversa
709 1803 849 1881 tradam,
874 1806 1083 1887 potissimum
1106 1807 1181 1873 lucc

74 1915 173 1977 sunt:
198 1907 316 1975 'Etim
339 1906 477 1972 alterum
500 1925 576 1970 cum
603 1905 739 1970 Rutulis
764 1905 887 1971 bellum
909 1905 1013 1970 Turni
1035 1906 1123 1972 odiis
1147 1915 1183 1974 et

75 1996 393 2077 cmmsarbuur
406 2027 427 2071 a
440 2000 543 2072 aruo
557 2023 583 2086 1,
596 2007 630 2085 a,
651 2007 709 2091 qur
723 2008 759 2071 u
773 2008 910 2090 reliquis
923 2008 992 2072 rere
1005 2028 1081 2073 cum
1097 2010 1182 2074 oia

73 2112 174 2198 nysio
197 2108 380 2188 conseub‘t;
401 2125 465 2171 uec
480 2106 741 2171 discesserat-ab
754 2127 795 2171 eo
809 2104 996 2192 Appianas,
1019 2116 1181 2192 quaubrm

74 2235 120 2281 οι
134 2211 302 2295 Excerpto
317 2207 481 2273 Pbctiauo
494 2207 669 2290 intelligas
714 2207 929 2285 Mezentium,
951 2229 1061 2291 regem
1083 2210 1181 2277 Etru·

74 2315 148 2391 rioe,
163 2310 348 2377 Goerstibns
359 2314 432 2373 tum
445 2308 685 2391 imperitantem
700 2309 833 2373 tradunt
852 2314 886 2373 at
906 2307 1023 2373 Livius
1039 2315 1074 2375 et
1096 2311 1181 2376 Dio-

75 2434 164 2513 nps„
179 2413 221 2477 de
234 2429 302 2496 quo
315 2429 350 2475 v.
365 2409 507 2475 Excurs.
524 2426 567 2472 ιιι
584 2409 628 2473 ad
643 2410 701 2474 lib.
717 2426 800 2474 vrri.
845 2408 1088 2494 Euryleontem,
1108 2432 1181 2479 mu-

75 2520 147 2582 tato
158 2514 290 2580 nomine
303 2509 486 2576 Ascanium
500 2511 636 2589 lactum,
659 2530 720 2575 seu
743 2510 878 2576 Creusae
905 2530 964 2574 scu
987 2510 1137 2579 Iaviuiae
1155 2515 1179 2580 f.

76 2616 295 2691 successisse,
319 2611 499 2698 Appianus
518 2614 541 2677 l.
562 2633 593 2677 c.
638 2613 829 2678 Secundum
853 2612 987 2677 Livium
1010 2630 1036 2690 1,
1061 2613 1084 2678 3
1108 2633 1179 2698 pax

77 2718 162 2783 inter
174 2714 360 2780 Ascanium
377 2712 642 2796 Merenbumque
657 2715 704 2779 ita
718 2719 926 2792 convenerat,
955 2718 1015 2779 ‘ut
1029 2713 1181 2782 Etruscis

144 2818 153 2834 '
180 2817 187 2832 “
230 2836 272 2881 ue
284 2815 404 2880 fluvius
418 2813 554 2893 Albula,
575 2835 673 2898 quem
685 2835 772 2881 mmc
786 2816 933 2881 Tiberim
946 2823 1079 2894 vocant,
1104 2817 1181 2884 linis

78 2916 193 2985 esset?
1176 2946 1179 2955 ·

120 3018 217 3085 Nibil
229 3018 308 3083 binc
322 3018 356 3082 iu
370 3016 563 3083 Latinorum
583 3019 681 3083 rebus
699 3019 913 3082 memorabile
933 3018 1088 3095 occurrit,
1114 3021 1180 3084 uisi

77 3122 171 3210 quod
194 3140 283 3186 anuo
305 3140 327 3184 a
349 3120 483 3185 condito
508 3121 651 3185 Lavinio
673 3121 841 3203 trigesimo
862 3121 906 3185 ab
925 3119 1073 3185 Ascanio
1090 3119 1182 3187 Alba

78 3224 240 3299 conditur,
264 3223 340 3288 loco
354 3224 597 3307 opportuniora,
612 3242 714 3305 quam
729 3225 784 3287 cui
798 3222 975 3287 Lavinium
988 3223 1182 3305 immsitum

77 3327 194 3391 fuerat.
238 3323 450 3389 Transfertur
471 3325 504 3388 in
529 3344 602 3389 eam
624 3326 719 3407 regni
744 3325 860 3389 sedes:
892 3329 1113 3409 ‘regnumque
1137 3325 1181 3388 ab

78 3426 157 3491 sede
180 3425 300 3491 Lavini
323 3426 523 3503 Transierat,
538 3437 573 3490 et
591 3429 723 3509 longam
744 3428 849 3493 multa
862 3428 897 3490 vi
910 3427 1036 3490 muniet
1049 3424 1182 3492 Albam'

77 3527 157 3593 AEu.
175 3542 200 3605 1,
215 3528 291 3593 274.
309 3528 385 3593 275.
431 3526 566 3592 Mortuo
580 3526 731 3593 meanis
742 3527 893 3594 succedit
906 3527 1043 3612 Sylvius
1057 3547 1101 3592 ex
1115 3527 1182 3593 La·

58 3628 171 3693 rima
184 3634 358 3712 susceptu
373 3627 502 3705 AEueae,
525 3629 667 3712 hincque
690 3629 844 3713 procedit
866 3630 969 3692 series
991 3630 1049 3692 illa
1069 3648 1183 3712 regum

79 3726 296 3808 Albanorum,
321 3748 461 3812 quorum
482 3729 616 3793 nomina
629 3748 689 3792 scu
703 3728 823 3794 tradita
837 3735 1036 3811 acceperant
1051 3750 1122 3809 sau,
1144 3737 1184 3798 ut

80 3846 169 3901 cccc
192 3849 353 3895 annorum
378 3829 553 3895 decursum
580 3831 759 3914 explerent,
783 3849 825 3894 ex
847 3838 941 3914 parte
960 3832 1077 3897 saltem
1092 3833 1183 3896 inve·

80 3938 192 3996 auant
206 3933 382 4016 scriptores
398 3930 543 3995 Romani
558 3933 767 4008 vetustiores,
782 3949 825 3994 ex
840 3933 963 4013 quibus
976 3931 1183 3997 baecduxere

83 4030 279 4118 Dionysius,
292 4032 422 4107 Livius,
437 4029 555 4097 Victor
569 4031 611 4096 Ο.
627 4032 672 4097 G.
688 4031 733 4096 R.
749 4038 783 4097 ct
797 4030 898 4097 Ovid.
914 4033 996 4097 Met.
1013 4048 1094 4108 ιιιν,
1116 4030 1184 4096 609

84 4131 438 4218 sqq.,itemSynee11us
449 4129 670 4199 atEascbius.
697 4131 1184 4217 Memoravitllarosylvium,
