<?xml version="1.0" encoding="UTF-8"?>
<!DOCTYPE html PUBLIC "-//W3C//DTD XHTML 1.0 Transitional//EN"
    "http://www.w3.org/TR/xhtml1/DTD/xhtml1-transitional.dtd">
<html xmlns="http://www.w3.org/1999/xhtml" xml:lang="en" lang="en">
 <head>
  <title>
</title>
<meta http-equiv="Content-Type" content="text/html;charset=utf-8" />
  <meta name='ocr-system' content='tesseract 3.04.00' />
  <meta name='ocr-capabilities' content='ocr_page ocr_carea ocr_par ocr_line ocrx_word'/>
</head>
<body>
  <div class='ocr_page' id='page_1' title='image "./pvirgiliimaroni00virggoog/pvirgiliimaroni00virggoog_0106.png"; bbox 0 0 2664 4686; ppageno 0'>
   <div class='ocr_carea' id='block_1_1' title="bbox 408 321 1158 387">
    <p class='ocr_par' dir='ltr' id='par_1_1' title="bbox 408 321 1158 387">
     <span class='ocr_line' id='line_1_1' title="bbox 408 321 1158 387; baseline -0.009 -6"><span class='ocrx_word' id='word_1_1' title='bbox 408 332 460 383; x_wconf 74' lang='lat' dir='ltr'><strong>AD</strong></span> <span class='ocrx_word' id='word_1_2' title='bbox 481 330 654 383; x_wconf 69' lang='lat' dir='ltr'><strong>annuos</strong></span> <span class='ocrx_word' id='word_1_3' title='bbox 677 332 750 381; x_wconf 76' lang='lat' dir='ltr'><strong>mn.</strong></span> <span class='ocrx_word' id='word_1_4' title='bbox 775 334 800 381; x_wconf 89' lang='lat' dir='ltr'><strong>l.</strong></span> <span class='ocrx_word' id='word_1_5' title='bbox 1069 321 1158 387; x_wconf 65' lang='grc' dir='ltr'><em>Μ</em></span> 
     </span>
    </p>
   </div>
   <div class='ocr_carea' id='block_1_2' title="bbox 46 476 1161 867">
    <p class='ocr_par' dir='ltr' id='par_1_2' title="bbox 46 476 1158 565">
     <span class='ocr_line' id='line_1_2' title="bbox 46 476 1158 565; baseline 0.003 -19"><span class='ocrx_word' id='word_1_6' title='bbox 46 486 102 546; x_wconf 82' lang='lat' dir='ltr'><strong>las</strong></span> <span class='ocrx_word' id='word_1_7' title='bbox 111 500 150 565; x_wconf 84' lang='lat' dir='ltr'><strong>p.</strong></span> <span class='ocrx_word' id='word_1_8' title='bbox 163 479 232 545; x_wconf 78' lang='lat'><strong>400</strong></span> <span class='ocrx_word' id='word_1_9' title='bbox 242 480 353 564; x_wconf 84' lang='lat' dir='ltr'><strong>sqq.);</strong></span> <span class='ocrx_word' id='word_1_10' title='bbox 373 480 544 561; x_wconf 82' lang='lat' dir='ltr'><strong>utrumqne</strong></span> <span class='ocrx_word' id='word_1_11' title='bbox 556 482 667 542; x_wconf 76' lang='lat' dir='ltr'><strong>tamen</strong></span> <span class='ocrx_word' id='word_1_12' title='bbox 681 476 878 561; x_wconf 79' lang='lat' dir='ltr'><strong>conjecturas</strong></span> <span class='ocrx_word' id='word_1_13' title='bbox 891 478 1003 564; x_wconf 85' lang='lat' dir='ltr'><strong>polius</strong></span> <span class='ocrx_word' id='word_1_14' title='bbox 1016 479 1158 551; x_wconf 75' lang='lat' dir='ltr'><strong>Graeco·</strong></span> 
     </span>
    </p>

    <p class='ocr_par' dir='ltr' id='par_1_3' title="bbox 48 577 1161 867">
     <span class='ocr_line' id='line_1_3' title="bbox 48 577 1159 667; baseline 0.001 -18"><span class='ocrx_word' id='word_1_15' title='bbox 48 584 149 660; x_wconf 78' lang='lat' dir='ltr'><strong>nieae,</strong></span> <span class='ocrx_word' id='word_1_16' title='bbox 174 600 276 667; x_wconf 83' lang='lat' dir='ltr'><strong>quom</strong></span> <span class='ocrx_word' id='word_1_17' title='bbox 299 582 450 662; x_wconf 75' lang='lat' dir='ltr'><strong>oooeplae</strong></span> <span class='ocrx_word' id='word_1_18' title='bbox 474 598 496 642; x_wconf 85' lang='lat' dir='ltr'><strong>a</strong></span> <span class='ocrx_word' id='word_1_19' title='bbox 517 577 701 661; x_wconf 86' lang='lat' dir='ltr'><strong>majoribus</strong></span> <span class='ocrx_word' id='word_1_20' title='bbox 719 579 918 643; x_wconf 80' lang='lat' dir='ltr'><strong>narrationis</strong></span> <span class='ocrx_word' id='word_1_21' title='bbox 936 580 1025 660; x_wconf 87' lang='lat' dir='ltr'><strong>fidei,</strong></span> <span class='ocrx_word' id='word_1_22' title='bbox 1046 582 1159 651; x_wconf 83' lang='lat' dir='ltr'><strong>deberi</strong></span> 
     </span>
     <span class='ocr_line' id='line_1_4' title="bbox 50 680 1161 767; baseline 0.001 -18"><span class='ocrx_word' id='word_1_23' title='bbox 50 682 194 749; x_wconf 74' lang='lat' dir='ltr'><strong>videtin.</strong></span> <span class='ocrx_word' id='word_1_24' title='bbox 232 682 358 747; x_wconf 80' lang='lat' dir='ltr'><strong>Saltem</strong></span> <span class='ocrx_word' id='word_1_25' title='bbox 368 681 431 745; x_wconf 89' lang='lat' dir='ltr'><strong>hoc</strong></span> <span class='ocrx_word' id='word_1_26' title='bbox 443 700 488 744; x_wconf 85' lang='lat' dir='ltr'><strong>ex</strong></span> <span class='ocrx_word' id='word_1_27' title='bbox 501 680 618 744; x_wconf 88' lang='lat' dir='ltr'><strong>iisdem</strong></span> <span class='ocrx_word' id='word_1_28' title='bbox 631 681 716 745; x_wconf 88' lang='lat' dir='ltr'><strong>locis</strong></span> <span class='ocrx_word' id='word_1_29' title='bbox 724 682 825 744; x_wconf 82' lang='lat' dir='ltr'><strong>teneri</strong></span> <span class='ocrx_word' id='word_1_30' title='bbox 835 681 917 746; x_wconf 83' lang='lat' dir='ltr'><strong>forte</strong></span> <span class='ocrx_word' id='word_1_31' title='bbox 931 688 1053 767; x_wconf 88' lang='lat' dir='ltr'><strong>potest,</strong></span> <span class='ocrx_word' id='word_1_32' title='bbox 1068 687 1161 755; x_wconf 72' lang='lat' dir='ltr'><strong>ciros</strong></span> 
     </span>
     <span class='ocr_line' id='line_1_5' title="bbox 52 768 1159 867; baseline 0.004 -18"><span class='ocrx_word' id='word_1_33' title='bbox 52 782 215 867; x_wconf 75' lang='lat' dir='ltr'><strong>Herculis</strong></span> <span class='ocrx_word' id='word_1_34' title='bbox 227 783 377 847; x_wconf 81' lang='lat' dir='ltr'><strong>Thebani</strong></span> <span class='ocrx_word' id='word_1_35' title='bbox 399 768 530 846; x_wconf 83' lang='lat' dir='ltr'><strong>demum</strong></span> <span class='ocrx_word' id='word_1_36' title='bbox 544 788 693 865; x_wconf 87' lang='lat' dir='ltr'><strong>tempora</strong></span> <span class='ocrx_word' id='word_1_37' title='bbox 707 784 815 848; x_wconf 82' lang='lat' dir='ltr'><strong>ltalioe</strong></span> <span class='ocrx_word' id='word_1_38' title='bbox 829 802 951 847; x_wconf 91' lang='lat' dir='ltr'><strong>nomen</strong></span> <span class='ocrx_word' id='word_1_39' title='bbox 965 786 1159 859; x_wconf 77' lang='lat' dir='ltr'><strong>invaluisse.</strong></span> 
     </span>
    </p>
   </div>
   <div class='ocr_carea' id='block_1_3' title="bbox 51 848 1323 1068">
    <p class='ocr_par' dir='ltr' id='par_1_4' title="bbox 51 848 1323 1068">
     <span class='ocr_line' id='line_1_6' title="bbox 51 848 1323 969; baseline 0 -18"><span class='ocrx_word' id='word_1_40' title='bbox 51 884 199 951; x_wconf 79' lang='lat' dir='ltr'><strong>Omnino</strong></span> <span class='ocrx_word' id='word_1_41' title='bbox 214 904 313 969; x_wconf 88' lang='lat' dir='ltr'><strong>super</strong></span> <span class='ocrx_word' id='word_1_42' title='bbox 325 884 468 949; x_wconf 88' lang='lat' dir='ltr'><strong>nominis</strong></span> <span class='ocrx_word' id='word_1_43' title='bbox 483 883 608 965; x_wconf 80' lang='lat' dir='ltr'><strong>origine</strong></span> <span class='ocrx_word' id='word_1_44' title='bbox 629 884 734 949; x_wconf 84' lang='lat' dir='ltr'><strong>multa</strong></span> <span class='ocrx_word' id='word_1_45' title='bbox 825 891 884 949; x_wconf 86' lang='lat' dir='ltr'><strong>ant</strong></span> <span class='ocrx_word' id='word_1_46' title='bbox 896 889 1071 953; x_wconf 82' lang='lat' dir='ltr'><strong>commenti</strong></span> <span class='ocrx_word' id='word_1_47' title='bbox 1084 868 1161 963; x_wconf 57' lang='lat' dir='ltr'><strong>srm&#39;t</strong></span> <span class='ocrx_word' id='word_1_48' title='bbox 1193 856 1214 873; x_wconf 82' lang='lat'><strong>..</strong></span> <span class='ocrx_word' id='word_1_49' title='bbox 1251 848 1279 955; x_wconf 52' lang='lat'><strong>‚⁴</strong></span> <span class='ocrx_word' id='word_1_50' title='bbox 1300 886 1323 913; x_wconf 82' lang='grc'><strong>“”</strong></span> 
     </span>
     <span class='ocr_line' id='line_1_7' title="bbox 51 984 1267 1068; baseline 0.004 -14"><span class='ocrx_word' id='word_1_51' title='bbox 51 993 109 1054; x_wconf 85' lang='lat' dir='ltr'><strong>ant</strong></span> <span class='ocrx_word' id='word_1_52' title='bbox 131 987 445 1056; x_wconf 73' lang='lat' dir='ltr'><strong>tradidereveteres.</strong></span> <span class='ocrx_word' id='word_1_53' title='bbox 468 984 737 1053; x_wconf 79' lang='lat' dir='ltr'><strong>V.Serv.adh.</strong></span> <span class='ocrx_word' id='word_1_54' title='bbox 766 984 1168 1068; x_wconf 69' lang='lat' dir='ltr'><strong>21,587.ad‹hhisBo--</strong></span> <span class='ocrx_word' id='word_1_55' title='bbox 1252 994 1267 1067; x_wconf 86' lang='lat'><strong>&#39;.</strong></span> 
     </span>
    </p>
   </div>
   <div class='ocr_carea' id='block_1_4' title="bbox 52 1086 1235 1680">
    <p class='ocr_par' dir='ltr' id='par_1_5' title="bbox 52 1086 1235 1680">
     <span class='ocr_line' id='line_1_8' title="bbox 52 1086 1235 1180; baseline 0.004 -23"><span class='ocrx_word' id='word_1_56' title='bbox 52 1091 159 1157; x_wconf 69' lang='lat' dir='ltr'><strong>enne</strong></span> <span class='ocrx_word' id='word_1_57' title='bbox 183 1092 314 1156; x_wconf 86' lang='lat' dir='ltr'><strong>somnia</strong></span> <span class='ocrx_word' id='word_1_58' title='bbox 335 1090 491 1177; x_wconf 83' lang='lat' dir='ltr'><strong>(Gauaan</strong></span> <span class='ocrx_word' id='word_1_59' title='bbox 510 1107 536 1168; x_wconf 86' lang='lat' dir='ltr'><strong>r,</strong></span> <span class='ocrx_word' id='word_1_60' title='bbox 557 1086 643 1175; x_wconf 52' lang='lat' dir='ltr'><strong>3³)st</strong></span> <span class='ocrx_word' id='word_1_61' title='bbox 671 1088 855 1155; x_wconf 82' lang='lat' dir='ltr'><strong>siculomm</strong></span> <span class='ocrx_word' id='word_1_62' title='bbox 883 1112 993 1175; x_wconf 77' lang='lat' dir='ltr'><strong>regern</strong></span> <span class='ocrx_word' id='word_1_63' title='bbox 1014 1096 1163 1180; x_wconf 76' lang='lat' dir='ltr'><strong>appellnt</strong></span> <span class='ocrx_word' id='word_1_64' title='bbox 1217 1102 1235 1135; x_wconf 75' lang='lat'><strong><em>³</em></strong></span> 
     </span>
     <span class='ocr_line' id='line_1_9' title="bbox 53 1189 1160 1282; baseline 0.003 -25"><span class='ocrx_word' id='word_1_65' title='bbox 53 1190 178 1259; x_wconf 72' lang='lat' dir='ltr'><strong>Italum</strong></span> <span class='ocrx_word' id='word_1_66' title='bbox 192 1195 294 1258; x_wconf 85' lang='lat' dir='ltr'><strong>etiam</strong></span> <span class='ocrx_word' id='word_1_67' title='bbox 309 1191 522 1278; x_wconf 81' lang='lat' dir='ltr'><strong>Thucydides</strong></span> <span class='ocrx_word' id='word_1_68' title='bbox 537 1208 589 1256; x_wconf 82' lang='lat' dir='ltr'><strong>vr.</strong></span> <span class='ocrx_word' id='word_1_69' title='bbox 619 1190 663 1255; x_wconf 84' lang='lat' dir='ltr'><strong>of.</strong></span> <span class='ocrx_word' id='word_1_70' title='bbox 679 1189 811 1256; x_wconf 83' lang='lat' dir='ltr'><strong>Cluver.</strong></span> <span class='ocrx_word' id='word_1_71' title='bbox 827 1192 905 1258; x_wconf 78' lang='lat' dir='ltr'><strong>Ital.</strong></span> <span class='ocrx_word' id='word_1_72' title='bbox 916 1209 942 1271; x_wconf 89' lang='lat'><strong>1,</strong></span> <span class='ocrx_word' id='word_1_73' title='bbox 962 1213 996 1276; x_wconf 92' lang='lat' dir='ltr'><strong>p.</strong></span> <span class='ocrx_word' id='word_1_74' title='bbox 1018 1195 1063 1259; x_wconf 86' lang='lat' dir='ltr'><strong>lo</strong></span> <span class='ocrx_word' id='word_1_75' title='bbox 1073 1214 1160 1282; x_wconf 68' lang='lat' dir='ltr'><strong>sqq„</strong></span> 
     </span>
     <span class='ocr_line' id='line_1_10' title="bbox 53 1291 1162 1379; baseline 0.002 -18"><span class='ocrx_word' id='word_1_76' title='bbox 53 1295 112 1379; x_wconf 82' lang='lat' dir='ltr'><strong>qni</strong></span> <span class='ocrx_word' id='word_1_77' title='bbox 134 1303 247 1361; x_wconf 83' lang='lat' dir='ltr'><strong>tamen</strong></span> <span class='ocrx_word' id='word_1_78' title='bbox 269 1296 389 1360; x_wconf 86' lang='lat' dir='ltr'><strong>frustra</strong></span> <span class='ocrx_word' id='word_1_79' title='bbox 409 1300 548 1359; x_wconf 85' lang='lat' dir='ltr'><strong>conatur</strong></span> <span class='ocrx_word' id='word_1_80' title='bbox 572 1291 711 1369; x_wconf 87' lang='lat' dir='ltr'><strong>efficere,</strong></span> <span class='ocrx_word' id='word_1_81' title='bbox 727 1299 764 1356; x_wconf 87' lang='lat' dir='ltr'><strong>nt</strong></span> <span class='ocrx_word' id='word_1_82' title='bbox 788 1292 898 1359; x_wconf 80' lang='lat' dir='ltr'><strong>Italiae</strong></span> <span class='ocrx_word' id='word_1_83' title='bbox 922 1313 1042 1359; x_wconf 89' lang='lat' dir='ltr'><strong>nomen</strong></span> <span class='ocrx_word' id='word_1_84' title='bbox 1064 1296 1162 1363; x_wconf 64' lang='lat' dir='ltr'><strong>lelio</strong></span> 
     </span>
     <span class='ocr_line' id='line_1_11' title="bbox 53 1391 1164 1480; baseline 0.005 -22"><span class='ocrx_word' id='word_1_85' title='bbox 53 1396 227 1480; x_wconf 85' lang='lat' dir='ltr'><strong>proprium</strong></span> <span class='ocrx_word' id='word_1_86' title='bbox 250 1393 355 1459; x_wconf 81' lang='lat' dir='ltr'><strong>fnisse</strong></span> <span class='ocrx_word' id='word_1_87' title='bbox 378 1394 537 1460; x_wconf 83' lang='lat' dir='ltr'><strong>videatur.</strong></span> <span class='ocrx_word' id='word_1_88' title='bbox 583 1391 748 1471; x_wconf 84' lang='lat' dir='ltr'><strong>Ceterum,</strong></span> <span class='ocrx_word' id='word_1_89' title='bbox 768 1393 857 1476; x_wconf 93' lang='lat' dir='ltr'><strong>qnod</strong></span> <span class='ocrx_word' id='word_1_90' title='bbox 880 1395 915 1458; x_wconf 93' lang='lat' dir='ltr'><strong>in</strong></span> <span class='ocrx_word' id='word_1_91' title='bbox 936 1393 1104 1462; x_wconf 78' lang='lat' dir='ltr'><strong>Sorviams</strong></span> <span class='ocrx_word' id='word_1_92' title='bbox 1118 1397 1164 1463; x_wconf 90' lang='lat' dir='ltr'><strong>ad</strong></span> 
     </span>
     <span class='ocr_line' id='line_1_12' title="bbox 53 1492 1161 1580; baseline 0.003 -19"><span class='ocrx_word' id='word_1_93' title='bbox 53 1498 171 1565; x_wconf 66' lang='lat' dir='ltr'><strong>anae</strong></span> <span class='ocrx_word' id='word_1_94' title='bbox 183 1498 244 1562; x_wconf 89' lang='lat' dir='ltr'><strong>lib.</strong></span> <span class='ocrx_word' id='word_1_95' title='bbox 261 1497 422 1580; x_wconf 78' lang='lat' dir='ltr'><strong>rlegltur:</strong></span> <span class='ocrx_word' id='word_1_96' title='bbox 445 1495 613 1573; x_wconf 78' lang='lat' dir='ltr'><strong>OEnonia,</strong></span> <span class='ocrx_word' id='word_1_97' title='bbox 637 1499 700 1558; x_wconf 90' lang='lat' dir='ltr'><strong>‘ut</strong></span> <span class='ocrx_word' id='word_1_98' title='bbox 711 1492 819 1559; x_wconf 88' lang='lat' dir='ltr'><strong>Varro</strong></span> <span class='ocrx_word' id='word_1_99' title='bbox 833 1494 927 1572; x_wconf 88' lang='lat' dir='ltr'><strong>dicit,</strong></span> <span class='ocrx_word' id='word_1_100' title='bbox 948 1496 991 1560; x_wconf 89' lang='lat' dir='ltr'><strong>ab</strong></span> <span class='ocrx_word' id='word_1_101' title='bbox 1006 1495 1161 1578; x_wconf 85' lang='lat' dir='ltr'><strong>OEnotro,</strong></span> 
     </span>
     <span class='ocr_line' id='line_1_13' title="bbox 54 1595 1163 1680; baseline 0.001 -17"><span class='ocrx_word' id='word_1_102' title='bbox 54 1596 256 1663; x_wconf 78' lang='lat' dir='ltr'><strong>Sabinorum</strong></span> <span class='ocrx_word' id='word_1_103' title='bbox 277 1596 375 1680; x_wconf 85' lang='lat' dir='ltr'><strong>rege,’</strong></span> <span class='ocrx_word' id='word_1_104' title='bbox 391 1595 644 1673; x_wconf 74' lang='lat' dir='ltr'><strong>videndumst,</strong></span> <span class='ocrx_word' id='word_1_105' title='bbox 659 1614 702 1660; x_wconf 89' lang='lat' dir='ltr'><strong>an</strong></span> <span class='ocrx_word' id='word_1_106' title='bbox 724 1614 746 1658; x_wconf 89' lang='lat' dir='ltr'><strong>a</strong></span> <span class='ocrx_word' id='word_1_107' title='bbox 770 1596 891 1659; x_wconf 87' lang='lat' dir='ltr'><strong>seriore</strong></span> <span class='ocrx_word' id='word_1_108' title='bbox 902 1615 1003 1660; x_wconf 90' lang='lat' dir='ltr'><strong>manu</strong></span> <span class='ocrx_word' id='word_1_109' title='bbox 1016 1598 1163 1663; x_wconf 79' lang='lat' dir='ltr'><strong>inorrloa·</strong></span> 
     </span>
    </p>
   </div>
   <div class='ocr_carea' id='block_1_5' title="bbox 54 1691 1160 1867">
    <p class='ocr_par' dir='ltr' id='par_1_6' title="bbox 54 1691 1160 1867">
     <span class='ocr_line' id='line_1_14' title="bbox 55 1691 1160 1785; baseline 0.003 -22"><span class='ocrx_word' id='word_1_110' title='bbox 55 1705 124 1763; x_wconf 82' lang='lat' dir='ltr'><strong>tum</strong></span> <span class='ocrx_word' id='word_1_111' title='bbox 136 1700 193 1764; x_wconf 87' lang='lat' dir='ltr'><strong>sit.</strong></span> <span class='ocrx_word' id='word_1_112' title='bbox 239 1696 413 1765; x_wconf 84' lang='lat' dir='ltr'><strong>Consentit</strong></span> <span class='ocrx_word' id='word_1_113' title='bbox 424 1698 514 1763; x_wconf 92' lang='lat' dir='ltr'><strong>euim</strong></span> <span class='ocrx_word' id='word_1_114' title='bbox 528 1716 605 1763; x_wconf 90' lang='lat' dir='ltr'><strong>oum</strong></span> <span class='ocrx_word' id='word_1_115' title='bbox 617 1698 673 1775; x_wconf 89' lang='lat' dir='ltr'><strong>iis,</strong></span> <span class='ocrx_word' id='word_1_116' title='bbox 687 1691 764 1782; x_wconf 76' lang='lat' dir='ltr'><strong>quae</strong></span> <span class='ocrx_word' id='word_1_117' title='bbox 779 1715 801 1760; x_wconf 86' lang='lat' dir='ltr'><strong>a</strong></span> <span class='ocrx_word' id='word_1_118' title='bbox 814 1695 944 1762; x_wconf 75' lang='lat' dir='ltr'><strong>(latone</strong></span> <span class='ocrx_word' id='word_1_119' title='bbox 956 1695 1111 1765; x_wconf 82' lang='lat' dir='ltr'><strong>Anniano</strong></span> <span class='ocrx_word' id='word_1_120' title='bbox 1125 1722 1160 1785; x_wconf 88' lang='lat' dir='ltr'><strong>p.</strong></span> 
     </span>
     <span class='ocr_line' id='line_1_15' title="bbox 54 1801 268 1867; baseline 0 0"><span class='ocrx_word' id='word_1_121' title='bbox 54 1801 268 1867; x_wconf 75' lang='lat' dir='ltr'><strong>diradnutnr.</strong></span> 
     </span>
    </p>
   </div>
   <div class='ocr_carea' id='block_1_6' title="bbox 466 2138 742 2162">
    <p class='ocr_par' dir='ltr' id='par_1_7' title="bbox 466 2138 742 2162">
     <span class='ocr_line' id='line_1_16' title="bbox 466 2138 742 2162; baseline 0.004 -6"><span class='ocrx_word' id='word_1_122' title='bbox 466 2138 742 2162; x_wconf 48' lang='lat' dir='ltr'><strong>m</strong></span> 
     </span>
    </p>
   </div>
   <div class='ocr_carea' id='block_1_7' title="bbox 330 2338 911 2463">
    <p class='ocr_par' dir='ltr' id='par_1_8' title="bbox 330 2338 911 2463">
     <span class='ocr_line' id='line_1_17' title="bbox 330 2338 911 2463; baseline -0.014 0"><span class='ocrx_word' id='word_1_123' title='bbox 330 2338 711 2463; x_wconf 78' lang='lat' dir='ltr'><strong>nxcnnsus</strong></span> <span class='ocrx_word' id='word_1_124' title='bbox 754 2384 911 2461; x_wconf 88' lang='lat' dir='ltr'><strong>xxn..</strong></span> 
     </span>
    </p>
   </div>
   <div class='ocr_carea' id='block_1_8' title="bbox 184 2614 1042 2680">
    <p class='ocr_par' dir='ltr' id='par_1_9' title="bbox 184 2614 1042 2680">
     <span class='ocr_line' id='line_1_18' title="bbox 184 2614 1042 2680; baseline -0.003 -8"><span class='ocrx_word' id='word_1_125' title='bbox 184 2619 287 2672; x_wconf 78' lang='lat' dir='ltr'>AUBO</span> <span class='ocrx_word' id='word_1_126' title='bbox 304 2616 494 2670; x_wconf 80' lang='lat' dir='ltr'>INCLUSUM</span> <span class='ocrx_word' id='word_1_127' title='bbox 512 2614 620 2677; x_wconf 86' lang='lat' dir='ltr'>EBUR,</span> <span class='ocrx_word' id='word_1_128' title='bbox 637 2614 809 2680; x_wconf 84' lang='lat' dir='ltr'>MARMOR,</span> <span class='ocrx_word' id='word_1_129' title='bbox 826 2616 1042 2671; x_wconf 81' lang='lat' dir='ltr'><strong>ARGENTUM.</strong></span> 
     </span>
    </p>
   </div>
   <div class='ocr_carea' id='block_1_9' title="bbox 60 2800 1265 4208">
    <p class='ocr_par' dir='ltr' id='par_1_10' title="bbox 60 2800 1265 4208">
     <span class='ocr_line' id='line_1_19' title="bbox 103 2800 1168 2887; baseline -0.008 -14"><span class='ocrx_word' id='word_1_130' title='bbox 103 2825 130 2887; x_wconf 85' lang='lat'><strong>1,</strong></span> <span class='ocrx_word' id='word_1_131' title='bbox 145 2803 333 2871; x_wconf 57' lang='lat' dir='ltr'><strong>ona-507.</strong></span> <span class='ocrx_word' id='word_1_132' title='bbox 356 2806 366 2834; x_wconf 89' lang='lat'>‘</span> <span class='ocrx_word' id='word_1_133' title='bbox 382 2800 521 2866; x_wconf 82' lang='lat' dir='ltr'><strong>Restitit</strong></span> <span class='ocrx_word' id='word_1_134' title='bbox 535 2801 672 2878; x_wconf 88' lang='lat' dir='ltr'><strong>AEneas,</strong></span> <span class='ocrx_word' id='word_1_135' title='bbox 688 2801 842 2886; x_wconf 87' lang='lat' dir='ltr'><strong>claraque</strong></span> <span class='ocrx_word' id='word_1_136' title='bbox 853 2804 887 2867; x_wconf 93' lang='lat' dir='ltr'><strong>in</strong></span> <span class='ocrx_word' id='word_1_137' title='bbox 899 2805 976 2868; x_wconf 86' lang='lat' dir='ltr'><strong>luce</strong></span> <span class='ocrx_word' id='word_1_138' title='bbox 988 2806 1168 2886; x_wconf 56' lang='lat' dir='ltr'><strong>relidat,-</strong></span> 
     </span>
     <span class='ocr_line' id='line_1_20' title="bbox 61 2903 1169 2989; baseline 0.002 -18"><span class='ocrx_word' id='word_1_139' title='bbox 61 2906 172 2987; x_wconf 75' lang='lat' dir='ltr'><strong>Quale</strong></span> <span class='ocrx_word' id='word_1_140' title='bbox 185 2924 307 2971; x_wconf 85' lang='lat' dir='ltr'><strong>manus</strong></span> <span class='ocrx_word' id='word_1_141' title='bbox 326 2903 450 2969; x_wconf 84' lang='lat' dir='ltr'><strong>addunt</strong></span> <span class='ocrx_word' id='word_1_142' title='bbox 471 2905 563 2967; x_wconf 84' lang='lat' dir='ltr'><strong>ebori</strong></span> <span class='ocrx_word' id='word_1_143' title='bbox 583 2905 697 2981; x_wconf 75' lang='lat' dir='ltr'><strong>decuS,</strong></span> <span class='ocrx_word' id='word_1_144' title='bbox 713 2911 768 2968; x_wconf 80' lang='lat' dir='ltr'><strong>aut</strong></span> <span class='ocrx_word' id='word_1_145' title='bbox 791 2906 848 2969; x_wconf 90' lang='lat' dir='ltr'><strong>ubi</strong></span> <span class='ocrx_word' id='word_1_146' title='bbox 871 2906 960 2970; x_wconf 86' lang='lat' dir='ltr'><strong>flavo</strong></span> <span class='ocrx_word' id='word_1_147' title='bbox 986 2904 1169 2989; x_wconf 82' lang='lat' dir='ltr'><strong>Argentum</strong></span> 
     </span>
     <span class='ocr_line' id='line_1_21' title="bbox 60 3003 1170 3092; baseline 0 -19"><span class='ocrx_word' id='word_1_148' title='bbox 60 3008 225 3073; x_wconf 85' lang='lat' dir='ltr'><strong>Pariusve</strong></span> <span class='ocrx_word' id='word_1_149' title='bbox 251 3005 340 3087; x_wconf 85' lang='lat' dir='ltr'><strong>lapis</strong></span> <span class='ocrx_word' id='word_1_150' title='bbox 369 3004 587 3068; x_wconf 79' lang='lat' dir='ltr'><strong>circumdatur</strong></span> <span class='ocrx_word' id='word_1_151' title='bbox 612 3003 714 3069; x_wconf 68' lang='lat' dir='ltr'><strong>auro!</strong></span> <span class='ocrx_word' id='word_1_152' title='bbox 758 3004 1047 3088; x_wconf 81' lang='lat' dir='ltr'><strong>Comparationem</strong></span> <span class='ocrx_word' id='word_1_153' title='bbox 1069 3010 1170 3092; x_wconf 81' lang='lat' dir='ltr'><strong>vulgo</strong></span> 
     </span>
     <span class='ocr_line' id='line_1_22' title="bbox 61 3104 1171 3192; baseline -0.002 -17"><span class='ocrx_word' id='word_1_154' title='bbox 61 3110 147 3175; x_wconf 81' lang='lat' dir='ltr'><strong>male</strong></span> <span class='ocrx_word' id='word_1_155' title='bbox 161 3109 347 3172; x_wconf 84' lang='lat' dir='ltr'><strong>institutam</strong></span> <span class='ocrx_word' id='word_1_156' title='bbox 361 3107 395 3169; x_wconf 91' lang='lat' dir='ltr'><strong>in</strong></span> <span class='ocrx_word' id='word_1_157' title='bbox 418 3106 522 3171; x_wconf 84' lang='lat' dir='ltr'><strong>altera</strong></span> <span class='ocrx_word' id='word_1_158' title='bbox 533 3105 677 3169; x_wconf 87' lang='lat' dir='ltr'><strong>editione</strong></span> <span class='ocrx_word' id='word_1_159' title='bbox 690 3104 915 3170; x_wconf 85' lang='lat' dir='ltr'><strong>deserueram:</strong></span> <span class='ocrx_word' id='word_1_160' title='bbox 937 3113 1024 3172; x_wconf 82' lang='lat' dir='ltr'><strong>recte</strong></span> <span class='ocrx_word' id='word_1_161' title='bbox 1037 3128 1171 3192; x_wconf 86' lang='lat' dir='ltr'><strong>quoque</strong></span> 
     </span>
     <span class='ocr_line' id='line_1_23' title="bbox 63 3208 1170 3295; baseline 0 -17"><span class='ocrx_word' id='word_1_162' title='bbox 63 3211 226 3278; x_wconf 80' lang='lat' dir='ltr'><strong>adversus</strong></span> <span class='ocrx_word' id='word_1_163' title='bbox 247 3208 339 3273; x_wconf 88' lang='lat' dir='ltr'><strong>illam</strong></span> <span class='ocrx_word' id='word_1_164' title='bbox 362 3208 545 3292; x_wconf 82' lang='lat' dir='ltr'><strong>disputavit</strong></span> <span class='ocrx_word' id='word_1_165' title='bbox 569 3208 746 3272; x_wconf 87' lang='lat' dir='ltr'><strong>Meierotto</strong></span> <span class='ocrx_word' id='word_1_166' title='bbox 763 3227 797 3273; x_wconf 86' lang='lat' dir='ltr'><strong>v.</strong></span> <span class='ocrx_word' id='word_1_167' title='bbox 813 3227 845 3274; x_wconf 91' lang='lat' dir='ltr'><strong>c.</strong></span> <span class='ocrx_word' id='word_1_168' title='bbox 870 3212 904 3274; x_wconf 93' lang='lat' dir='ltr'><strong>in</strong></span> <span class='ocrx_word' id='word_1_169' title='bbox 930 3212 1052 3275; x_wconf 87' lang='lat' dir='ltr'><strong>Dubiis</strong></span> <span class='ocrx_word' id='word_1_170' title='bbox 1066 3232 1101 3295; x_wconf 91' lang='lat' dir='ltr'><strong>p.</strong></span> <span class='ocrx_word' id='word_1_171' title='bbox 1114 3211 1170 3278; x_wconf 79' lang='lat'><strong>35.</strong></span> 
     </span>
     <span class='ocr_line' id='line_1_24' title="bbox 63 3309 1170 3395; baseline -0.001 -16"><span class='ocrx_word' id='word_1_172' title='bbox 63 3314 214 3379; x_wconf 91' lang='lat' dir='ltr'><strong>Primum</strong></span> <span class='ocrx_word' id='word_1_173' title='bbox 243 3309 440 3374; x_wconf 86' lang='lat' dir='ltr'><strong>conferenda</strong></span> <span class='ocrx_word' id='word_1_174' title='bbox 468 3330 543 3374; x_wconf 90' lang='lat' dir='ltr'><strong>oum</strong></span> <span class='ocrx_word' id='word_1_175' title='bbox 571 3310 603 3374; x_wconf 88' lang='lat' dir='ltr'><strong>h.</strong></span> <span class='ocrx_word' id='word_1_176' title='bbox 625 3311 648 3373; x_wconf 83' lang='lat' dir='ltr'><strong>l.</strong></span> <span class='ocrx_word' id='word_1_177' title='bbox 675 3309 733 3372; x_wconf 85' lang='lat' dir='ltr'><strong>inl.</strong></span> <span class='ocrx_word' id='word_1_178' title='bbox 769 3326 809 3387; x_wconf 87' lang='lat' dir='ltr'><strong>x,</strong></span> <span class='ocrx_word' id='word_1_179' title='bbox 832 3311 898 3376; x_wconf 82' lang='lat'><strong>135</strong></span> <span class='ocrx_word' id='word_1_180' title='bbox 924 3331 1000 3395; x_wconf 87' lang='lat' dir='ltr'>sqq.</span> <span class='ocrx_word' id='word_1_181' title='bbox 1030 3311 1170 3378; x_wconf 91' lang='lat' dir='ltr'><strong>Homer.</strong></span> 
     </span>
     <span class='ocr_line' id='line_1_25' title="bbox 63 3412 1171 3499; baseline 0.001 -21"><span class='ocrx_word' id='word_1_182' title='bbox 63 3412 190 3499; x_wconf 84' lang='lat' dir='ltr'><strong>Odyss.</strong></span> <span class='ocrx_word' id='word_1_183' title='bbox 207 3422 245 3492; x_wconf 86' lang='grc' dir='ltr'><strong>Ζ,</strong></span> <span class='ocrx_word' id='word_1_184' title='bbox 262 3413 447 3478; x_wconf 75' lang='lat'><strong>229-235.</strong></span> <span class='ocrx_word' id='word_1_185' title='bbox 463 3419 499 3489; x_wconf 71' lang='grc' dir='ltr'><strong>Ψ,</strong></span> <span class='ocrx_word' id='word_1_186' title='bbox 515 3413 589 3476; x_wconf 83' lang='grc'><strong>156.</strong></span> <span class='ocrx_word' id='word_1_187' title='bbox 615 3412 691 3476; x_wconf 80' lang='lat'>162.</span> <span class='ocrx_word' id='word_1_188' title='bbox 736 3412 790 3475; x_wconf 87' lang='lat' dir='ltr'><strong>De</strong></span> <span class='ocrx_word' id='word_1_189' title='bbox 810 3419 920 3477; x_wconf 84' lang='lat' dir='ltr'><strong>statua</strong></span> <span class='ocrx_word' id='word_1_190' title='bbox 933 3434 977 3477; x_wconf 87' lang='lat' dir='ltr'><strong>ex</strong></span> <span class='ocrx_word' id='word_1_191' title='bbox 995 3413 1105 3491; x_wconf 90' lang='lat' dir='ltr'><strong>ebore,</strong></span> <span class='ocrx_word' id='word_1_192' title='bbox 1120 3432 1171 3479; x_wconf 87' lang='lat' dir='ltr'><strong>ar·</strong></span> 
     </span>
     <span class='ocr_line' id='line_1_26' title="bbox 65 3513 1171 3598; baseline -0.001 -18"><span class='ocrx_word' id='word_1_193' title='bbox 65 3523 172 3598; x_wconf 72' lang='lat' dir='ltr'><strong>genle,</strong></span> <span class='ocrx_word' id='word_1_194' title='bbox 188 3515 242 3580; x_wconf 85' lang='lat' dir='ltr'><strong>vel</strong></span> <span class='ocrx_word' id='word_1_195' title='bbox 255 3534 418 3578; x_wconf 87' lang='lat' dir='ltr'><strong>marmore</strong></span> <span class='ocrx_word' id='word_1_196' title='bbox 433 3514 524 3577; x_wconf 79' lang='lat' dir='ltr'><strong>sacta</strong></span> <span class='ocrx_word' id='word_1_197' title='bbox 537 3515 596 3578; x_wconf 85' lang='lat' dir='ltr'><strong>vix</strong></span> <span class='ocrx_word' id='word_1_198' title='bbox 620 3519 708 3577; x_wconf 81' lang='lat' dir='ltr'><strong>recte</strong></span> <span class='ocrx_word' id='word_1_199' title='bbox 733 3513 806 3577; x_wconf 87' lang='lat' dir='ltr'><strong>haec</strong></span> <span class='ocrx_word' id='word_1_200' title='bbox 821 3515 989 3597; x_wconf 83' lang='lat' dir='ltr'><strong>accipias3</strong></span> <span class='ocrx_word' id='word_1_201' title='bbox 1013 3534 1171 3597; x_wconf 87' lang='lat' dir='ltr'><strong>quorsum</strong></span> 
     </span>
     <span class='ocr_line' id='line_1_27' title="bbox 65 3612 1173 3701; baseline 0 -22"><span class='ocrx_word' id='word_1_202' title='bbox 65 3621 151 3683; x_wconf 76' lang='lat' dir='ltr'><strong>mim</strong></span> <span class='ocrx_word' id='word_1_203' title='bbox 171 3618 335 3701; x_wconf 70' lang='lat' dir='ltr'><strong>pertinere</strong></span> <span class='ocrx_word' id='word_1_204' title='bbox 357 3615 390 3676; x_wconf 80' lang='lat' dir='ltr'><strong>ri</strong></span> <span class='ocrx_word' id='word_1_205' title='bbox 414 3612 619 3679; x_wconf 70' lang='lat' dir='ltr'><strong>circumdatus</strong></span> <span class='ocrx_word' id='word_1_206' title='bbox 645 3613 793 3676; x_wconf 66' lang='lat' dir='ltr'><strong>dixeris?</strong></span> <span class='ocrx_word' id='word_1_207' title='bbox 826 3633 904 3678; x_wconf 85' lang='lat' dir='ltr'><strong>nam</strong></span> <span class='ocrx_word' id='word_1_208' title='bbox 930 3614 974 3678; x_wconf 84' lang='lat' dir='ltr'><strong>ad</strong></span> <span class='ocrx_word' id='word_1_209' title='bbox 999 3615 1173 3681; x_wconf 84' lang='lat' dir='ltr'><strong>inaurandi</strong></span> 
     </span>
     <span class='ocr_line' id='line_1_28' title="bbox 68 3713 1173 3798; baseline -0.006 -12"><span class='ocrx_word' id='word_1_210' title='bbox 68 3720 245 3785; x_wconf 83' lang='lat' dir='ltr'><strong>artificium</strong></span> <span class='ocrx_word' id='word_1_211' title='bbox 258 3717 362 3780; x_wconf 85' lang='lat' dir='ltr'><strong>multo</strong></span> <span class='ocrx_word' id='word_1_212' title='bbox 376 3717 482 3780; x_wconf 89' lang='lat' dir='ltr'><strong>minus</strong></span> <span class='ocrx_word' id='word_1_213' title='bbox 496 3719 579 3781; x_wconf 91' lang='lat' dir='ltr'><strong>bene</strong></span> <span class='ocrx_word' id='word_1_214' title='bbox 603 3717 668 3780; x_wconf 92' lang='lat' dir='ltr'><strong>hoc</strong></span> <span class='ocrx_word' id='word_1_215' title='bbox 690 3716 824 3780; x_wconf 84' lang='lat' dir='ltr'><strong>reseras.</strong></span> <span class='ocrx_word' id='word_1_216' title='bbox 871 3713 1091 3798; x_wconf 79' lang='lat' dir='ltr'><strong>cogitandum</strong></span> <span class='ocrx_word' id='word_1_217' title='bbox 1105 3717 1173 3780; x_wconf 87' lang='lat' dir='ltr'><strong>sal-</strong></span> 
     </span>
     <span class='ocr_line' id='line_1_29' title="bbox 68 3817 1173 3902; baseline -0.006 -14"><span class='ocrx_word' id='word_1_218' title='bbox 68 3828 133 3888; x_wconf 82' lang='lat' dir='ltr'><strong>tem</strong></span> <span class='ocrx_word' id='word_1_219' title='bbox 154 3821 198 3885; x_wconf 85' lang='lat' dir='ltr'><strong>de</strong></span> <span class='ocrx_word' id='word_1_220' title='bbox 211 3820 382 3902; x_wconf 86' lang='lat' dir='ltr'><strong>sculptura</strong></span> <span class='ocrx_word' id='word_1_221' title='bbox 395 3819 449 3883; x_wconf 87' lang='lat' dir='ltr'><strong>vel</strong></span> <span class='ocrx_word' id='word_1_222' title='bbox 468 3819 665 3902; x_wconf 86' lang='lat' dir='ltr'><strong>anaglypho.</strong></span> <span class='ocrx_word' id='word_1_223' title='bbox 710 3817 886 3882; x_wconf 87' lang='lat' dir='ltr'><strong>Enimvero</strong></span> <span class='ocrx_word' id='word_1_224' title='bbox 909 3820 1064 3902; x_wconf 89' lang='lat' dir='ltr'><strong>accipere</strong></span> <span class='ocrx_word' id='word_1_225' title='bbox 1085 3837 1173 3899; x_wconf 86' lang='lat' dir='ltr'><strong>prae·</strong></span> 
     </span>
     <span class='ocr_line' id='line_1_30' title="bbox 72 3907 1265 4007; baseline -0.008 -19"><span class='ocrx_word' id='word_1_226' title='bbox 72 3928 134 3988; x_wconf 75' lang='lat' dir='ltr'><strong>rut</strong></span> <span class='ocrx_word' id='word_1_227' title='bbox 147 3921 346 4007; x_wconf 87' lang='lat' dir='ltr'><strong>simpliciter</strong></span> <span class='ocrx_word' id='word_1_228' title='bbox 368 3920 409 3984; x_wconf 91' lang='lat' dir='ltr'><strong>de</strong></span> <span class='ocrx_word' id='word_1_229' title='bbox 430 3927 618 3985; x_wconf 86' lang='lat' dir='ltr'><strong>ornamento</strong></span> <span class='ocrx_word' id='word_1_230' title='bbox 643 3920 756 4002; x_wconf 91' lang='lat' dir='ltr'><strong>aliquo</strong></span> <span class='ocrx_word' id='word_1_231' title='bbox 780 3920 833 3985; x_wconf 86' lang='lat' dir='ltr'><strong>vol</strong></span> <span class='ocrx_word' id='word_1_232' title='bbox 848 3921 990 3996; x_wconf 87' lang='lat' dir='ltr'><strong>cimelio,</strong></span> <span class='ocrx_word' id='word_1_233' title='bbox 1004 3940 1049 3981; x_wconf 86' lang='lat' dir='ltr'><strong>ex</strong></span> <span class='ocrx_word' id='word_1_234' title='bbox 1063 3918 1173 3996; x_wconf 87' lang='lat' dir='ltr'><strong>ebore,</strong></span> <span class='ocrx_word' id='word_1_235' title='bbox 1263 3907 1265 3912; x_wconf 65' lang='grc'>’</span> 
     </span>
     <span class='ocr_line' id='line_1_31' title="bbox 75 4016 1174 4106; baseline -0.005 -18"><span class='ocrx_word' id='word_1_236' title='bbox 75 4029 214 4106; x_wconf 61' lang='lat' dir='ltr'><strong>argnto,</strong></span> <span class='ocrx_word' id='word_1_237' title='bbox 229 4023 286 4087; x_wconf 85' lang='lat' dir='ltr'><strong>vel</strong></span> <span class='ocrx_word' id='word_1_238' title='bbox 297 4042 458 4087; x_wconf 87' lang='lat' dir='ltr'><strong>marmore</strong></span> <span class='ocrx_word' id='word_1_239' title='bbox 471 4022 571 4103; x_wconf 84' lang='lat' dir='ltr'><strong>sacto,</strong></span> <span class='ocrx_word' id='word_1_240' title='bbox 586 4023 676 4106; x_wconf 92' lang='lat' dir='ltr'><strong>quod</strong></span> <span class='ocrx_word' id='word_1_241' title='bbox 690 4023 777 4087; x_wconf 80' lang='lat' dir='ltr'><strong>intra</strong></span> <span class='ocrx_word' id='word_1_242' title='bbox 790 4022 892 4087; x_wconf 83' lang='lat' dir='ltr'><strong>aliam</strong></span> <span class='ocrx_word' id='word_1_243' title='bbox 903 4022 1085 4094; x_wconf 82' lang='lat' dir='ltr'><strong>materiam,</strong></span> <span class='ocrx_word' id='word_1_244' title='bbox 1099 4016 1133 4080; x_wconf 92' lang='lat' dir='ltr'><strong>h.</strong></span> <span class='ocrx_word' id='word_1_245' title='bbox 1147 4017 1174 4082; x_wconf 89' lang='lat' dir='ltr'><strong>l.</strong></span> 
     </span>
     <span class='ocr_line' id='line_1_32' title="bbox 78 4117 1172 4208; baseline -0.005 -19"><span class='ocrx_word' id='word_1_246' title='bbox 78 4139 196 4203; x_wconf 77' lang='lat' dir='ltr'><strong>amum,</strong></span> <span class='ocrx_word' id='word_1_247' title='bbox 210 4124 482 4208; x_wconf 84' lang='lat' dir='ltr'><strong>comprehensum</strong></span> <span class='ocrx_word' id='word_1_248' title='bbox 490 4127 525 4188; x_wconf 86' lang='lat' dir='ltr'><strong>et</strong></span> <span class='ocrx_word' id='word_1_249' title='bbox 536 4123 702 4189; x_wconf 86' lang='lat' dir='ltr'><strong>iuolnsum</strong></span> <span class='ocrx_word' id='word_1_250' title='bbox 720 4129 782 4203; x_wconf 87' lang='lat' dir='ltr'><strong>est,</strong></span> <span class='ocrx_word' id='word_1_251' title='bbox 798 4131 835 4190; x_wconf 87' lang='lat' dir='ltr'><strong>ut</strong></span> <span class='ocrx_word' id='word_1_252' title='bbox 848 4123 897 4188; x_wconf 82' lang='lat' dir='ltr'><strong>ita</strong></span> <span class='ocrx_word' id='word_1_253' title='bbox 910 4121 984 4185; x_wconf 85' lang='lat' dir='ltr'><strong>auri</strong></span> <span class='ocrx_word' id='word_1_254' title='bbox 997 4117 1172 4204; x_wconf 81' lang='lat' dir='ltr'><strong>splendore</strong></span> 
     </span>
    </p>
   </div>
   <div class='ocr_carea' id='block_1_10' title="bbox 138 4249 1109 4321">
    <p class='ocr_par' dir='ltr' id='par_1_11' title="bbox 138 4249 1109 4321">
     <span class='ocr_line' id='line_1_33' title="bbox 138 4249 1109 4321; baseline -0.005 -15"><span class='ocrx_word' id='word_1_255' title='bbox 138 4254 400 4320; x_wconf 61' lang='lat' dir='ltr'><strong>nqaarmcnr</strong></span> <span class='ocrx_word' id='word_1_256' title='bbox 595 4255 666 4321; x_wconf 60' lang='lat' dir='ltr'><strong>vag.</strong></span> <span class='ocrx_word' id='word_1_257' title='bbox 1035 4249 1109 4302; x_wconf 78' lang='lat' dir='ltr'><strong>rra</strong></span> 
     </span>
    </p>
   </div>
   <div class='ocr_carea' id='block_1_11' title="bbox 0 0 1364 4686">
    <p class='ocr_par' dir='ltr' id='par_1_12' title="bbox 0 0 1364 4686">
     <span class='ocr_line' id='line_1_34' title="bbox 0 0 1364 4686; baseline 0 0"><span class='ocrx_word' id='word_1_258' title='bbox 0 0 1364 4686; x_wconf 95' lang='lat' dir='ltr'><strong> </strong></span> 
     </span>
    </p>
   </div>
  </div>
 </body>
</html>
