<?xml version="1.0" encoding="UTF-8"?>
<!DOCTYPE html PUBLIC "-//W3C//DTD XHTML 1.0 Transitional//EN"
    "http://www.w3.org/TR/xhtml1/DTD/xhtml1-transitional.dtd">
<html xmlns="http://www.w3.org/1999/xhtml" xml:lang="en" lang="en">
 <head>
  <title>
</title>
<meta http-equiv="Content-Type" content="text/html;charset=utf-8" />
  <meta name='ocr-system' content='tesseract 3.04.00' />
  <meta name='ocr-capabilities' content='ocr_page ocr_carea ocr_par ocr_line ocrx_word'/>
</head>
<body>
  <div class='ocr_page' id='page_1' title='image "./pvirgiliimaroni00virggoog/pvirgiliimaroni00virggoog_0388.png"; bbox 0 0 2664 4686; ppageno 0'>
   <div class='ocr_carea' id='block_1_1' title="bbox 395 307 1163 375">
    <p class='ocr_par' dir='ltr' id='par_1_1' title="bbox 395 307 1163 375">
     <span class='ocr_line' id='line_1_1' title="bbox 395 307 1163 375; baseline 0 -8"><span class='ocrx_word' id='word_1_1' title='bbox 395 319 447 367; x_wconf 77' lang='lat' dir='ltr'>nu</span> <span class='ocrx_word' id='word_1_2' title='bbox 469 316 641 367; x_wconf 70' lang='lat' dir='ltr'>assinos</span> <span class='ocrx_word' id='word_1_3' title='bbox 664 318 736 367; x_wconf 82' lang='lat' dir='ltr'>urs.</span> <span class='ocrx_word' id='word_1_4' title='bbox 752 318 834 366; x_wconf 81' lang='lat' dir='ltr'>vin.</span> <span class='ocrx_word' id='word_1_5' title='bbox 1075 307 1163 375; x_wconf 53' lang='grc' dir='ltr'><strong>Μ</strong></span> 
     </span>
    </p>
   </div>
   <div class='ocr_carea' id='block_1_2' title="bbox 48 461 1163 546">
    <p class='ocr_par' dir='ltr' id='par_1_2' title="bbox 48 461 1163 546">
     <span class='ocr_line' id='line_1_2' title="bbox 48 461 1163 546; baseline 0.001 -15"><span class='ocrx_word' id='word_1_6' title='bbox 48 464 303 541; x_wconf 67' lang='grc' dir='ltr'>ξᾱὶοσωεοιιιιι;</span> <span class='ocrx_word' id='word_1_7' title='bbox 324 462 497 545; x_wconf 85' lang='lat' dir='ltr'>accepisse</span> <span class='ocrx_word' id='word_1_8' title='bbox 516 480 645 540; x_wconf 85' lang='lat' dir='ltr'>nomeu,</span> <span class='ocrx_word' id='word_1_9' title='bbox 669 462 758 546; x_wconf 90' lang='lat' dir='ltr'>quod</span> <span class='ocrx_word' id='word_1_10' title='bbox 777 462 821 526; x_wconf 91' lang='lat' dir='ltr'>in</span> <span class='ocrx_word' id='word_1_11' title='bbox 833 461 1070 546; x_wconf 81' lang='lat' dir='ltr'>Tyrrhenoriun</span> <span class='ocrx_word' id='word_1_12' title='bbox 1092 469 1163 539; x_wconf 84' lang='lat' dir='ltr'>lini-</span> 
     </span>
    </p>
   </div>
   <div class='ocr_carea' id='block_1_3' title="bbox 44 563 1270 647">
    <p class='ocr_par' dir='ltr' id='par_1_3' title="bbox 44 563 1270 647">
     <span class='ocr_line' id='line_1_3' title="bbox 44 563 1270 647; baseline -0.001 -14"><span class='ocrx_word' id='word_1_13' title='bbox 44 568 125 637; x_wconf 60' lang='lat' dir='ltr'>fluns</span> <span class='ocrx_word' id='word_1_14' title='bbox 154 565 379 631; x_wconf 78' lang='lat' dir='ltr'>comederant.</span> <span class='ocrx_word' id='word_1_15' title='bbox 421 563 546 628; x_wconf 87' lang='lat' dir='ltr'>Verum</span> <span class='ocrx_word' id='word_1_16' title='bbox 573 565 646 631; x_wconf 82' lang='lat' dir='ltr'>hoec</span> <span class='ocrx_word' id='word_1_17' title='bbox 679 564 832 647; x_wconf 88' lang='lat' dir='ltr'>Dionysii</span> <span class='ocrx_word' id='word_1_18' title='bbox 859 564 1069 647; x_wconf 83' lang='lat' dir='ltr'>conjectatio,</span> <span class='ocrx_word' id='word_1_19' title='bbox 1096 586 1164 639; x_wconf 87' lang='lat' dir='ltr'>non</span> <span class='ocrx_word' id='word_1_20' title='bbox 1268 629 1270 632; x_wconf 77' lang='grc'>,</span> 
     </span>
    </p>
   </div>
   <div class='ocr_carea' id='block_1_4' title="bbox 19 663 1167 2169">
    <p class='ocr_par' dir='ltr' id='par_1_4' title="bbox 19 663 1167 2169">
     <span class='ocr_line' id='line_1_4' title="bbox 52 663 1164 756; baseline 0.004 -23"><span class='ocrx_word' id='word_1_21' title='bbox 52 668 204 733; x_wconf 78' lang='lat' dir='ltr'>-uarrauo</span> <span class='ocrx_word' id='word_1_22' title='bbox 224 665 350 748; x_wconf 80' lang='lat' dir='ltr'>antiqui</span> <span class='ocrx_word' id='word_1_23' title='bbox 371 664 543 747; x_wconf 89' lang='lat' dir='ltr'>scriptoris</span> <span class='ocrx_word' id='word_1_24' title='bbox 564 663 629 729; x_wconf 86' lang='lat' dir='ltr'>fide</span> <span class='ocrx_word' id='word_1_25' title='bbox 651 672 799 749; x_wconf 82' lang='lat' dir='ltr'>accepta,</span> <span class='ocrx_word' id='word_1_26' title='bbox 815 671 878 741; x_wconf 84' lang='lat' dir='ltr'>est,</span> <span class='ocrx_word' id='word_1_27' title='bbox 896 685 973 749; x_wconf 85' lang='lat' dir='ltr'>quoe</span> <span class='ocrx_word' id='word_1_28' title='bbox 996 668 1082 733; x_wconf 86' lang='lat' dir='ltr'>adeo</span> <span class='ocrx_word' id='word_1_29' title='bbox 1102 691 1164 756; x_wconf 94' lang='lat' dir='ltr'>pro</span> 
     </span>
     <span class='ocr_line' id='line_1_5' title="bbox 57 765 1164 846; baseline 0.005 -13"><span class='ocrx_word' id='word_1_30' title='bbox 57 765 165 833; x_wconf 71' lang='lat' dir='ltr'>fundo</span> <span class='ocrx_word' id='word_1_31' title='bbox 179 767 360 840; x_wconf 61' lang='lat' dir='ltr'>historin</span> <span class='ocrx_word' id='word_1_32' title='bbox 379 766 460 830; x_wconf 82' lang='lat' dir='ltr'>viris</span> <span class='ocrx_word' id='word_1_33' title='bbox 482 766 590 830; x_wconf 88' lang='lat' dir='ltr'>doctis</span> <span class='ocrx_word' id='word_1_34' title='bbox 610 766 723 830; x_wconf 88' lang='lat' dir='ltr'>haberi</span> <span class='ocrx_word' id='word_1_35' title='bbox 744 787 810 831; x_wconf 91' lang='lat' dir='ltr'>non</span> <span class='ocrx_word' id='word_1_36' title='bbox 831 767 984 846; x_wconf 88' lang='lat' dir='ltr'>debebat,</span> <span class='ocrx_word' id='word_1_37' title='bbox 998 771 1046 834; x_wconf 90' lang='lat' dir='ltr'>uti</span> <span class='ocrx_word' id='word_1_38' title='bbox 1059 773 1164 839; x_wconf 83' lang='lat' dir='ltr'>multa</span> 
     </span>
     <span class='ocr_line' id='line_1_6' title="bbox 58 867 1165 953; baseline 0.004 -19"><span class='ocrx_word' id='word_1_39' title='bbox 58 869 140 947; x_wconf 71' lang='lat' dir='ltr'>alin,</span> <span class='ocrx_word' id='word_1_40' title='bbox 161 888 238 953; x_wconf 80' lang='lat' dir='ltr'>quoe</span> <span class='ocrx_word' id='word_1_41' title='bbox 261 871 294 932; x_wconf 91' lang='lat' dir='ltr'>in</span> <span class='ocrx_word' id='word_1_42' title='bbox 313 870 379 933; x_wconf 88' lang='lat' dir='ltr'>hoc</span> <span class='ocrx_word' id='word_1_43' title='bbox 401 869 509 951; x_wconf 88' lang='lat' dir='ltr'>primo</span> <span class='ocrx_word' id='word_1_44' title='bbox 532 868 618 931; x_wconf 91' lang='lat' dir='ltr'>libro</span> <span class='ocrx_word' id='word_1_45' title='bbox 645 867 824 951; x_wconf 88' lang='lat' dir='ltr'>Dionysius</span> <span class='ocrx_word' id='word_1_46' title='bbox 846 870 1017 935; x_wconf 67' lang='lat' dir='ltr'>mandate</span> <span class='ocrx_word' id='word_1_47' title='bbox 1043 893 1105 935; x_wconf 83' lang='lat' dir='ltr'>noo</span> <span class='ocrx_word' id='word_1_48' title='bbox 1129 884 1165 938; x_wconf 81' lang='lat' dir='ltr'>ot</span> 
     </span>
     <span class='ocr_line' id='line_1_7' title="bbox 58 967 1165 1057; baseline 0.003 -18"><span class='ocrx_word' id='word_1_49' title='bbox 58 981 324 1039; x_wconf 70' lang='lat' dir='ltr'>sarracenerum</span> <span class='ocrx_word' id='word_1_50' title='bbox 344 969 472 1053; x_wconf 80' lang='lat' dir='ltr'>opinato</span> <span class='ocrx_word' id='word_1_51' title='bbox 496 970 642 1052; x_wconf 85' lang='lat' dir='ltr'>apponit</span> <span class='ocrx_word' id='word_1_52' title='bbox 690 967 849 1052; x_wconf 81' lang='lat' dir='ltr'>Myrsilus</span> <span class='ocrx_word' id='word_1_53' title='bbox 871 969 1016 1035; x_wconf 82' lang='lat' dir='ltr'>Lesbius</span> <span class='ocrx_word' id='word_1_54' title='bbox 1035 979 1068 1037; x_wconf 89' lang='lat' dir='ltr'>et</span> <span class='ocrx_word' id='word_1_55' title='bbox 1089 976 1165 1057; x_wconf 86' lang='lat' dir='ltr'>ipse</span> 
     </span>
     <span class='ocr_line' id='line_1_8' title="bbox 59 1069 1164 1159; baseline 0.005 -24"><span class='ocrx_word' id='word_1_56' title='bbox 59 1070 248 1156; x_wconf 75' lang='lat' dir='ltr'>Tyrrhenos</span> <span class='ocrx_word' id='word_1_57' title='bbox 262 1071 365 1135; x_wconf 85' lang='lat' dir='ltr'>Italia</span> <span class='ocrx_word' id='word_1_58' title='bbox 385 1071 500 1134; x_wconf 84' lang='lat' dir='ltr'>relicta</span> <span class='ocrx_word' id='word_1_59' title='bbox 520 1070 683 1133; x_wconf 90' lang='lat' dir='ltr'>erroribus</span> <span class='ocrx_word' id='word_1_60' title='bbox 700 1069 848 1152; x_wconf 82' lang='lat' dir='ltr'>jactatos</span> <span class='ocrx_word' id='word_1_61' title='bbox 866 1071 1044 1137; x_wconf 80' lang='lat' dir='ltr'>tradiderat</span> <span class='ocrx_word' id='word_1_62' title='bbox 1057 1075 1164 1159; x_wconf 90' lang='lat' dir='ltr'>(apud</span> 
     </span>
     <span class='ocr_line' id='line_1_9' title="bbox 62 1169 1164 1258; baseline 0.005 -21"><span class='ocrx_word' id='word_1_63' title='bbox 62 1172 204 1258; x_wconf 81' lang='lat' dir='ltr'>Dionys.</span> <span class='ocrx_word' id='word_1_64' title='bbox 220 1190 245 1252; x_wconf 87' lang='lat'>1,</span> <span class='ocrx_word' id='word_1_65' title='bbox 260 1169 332 1256; x_wconf 80' lang='lat'>28),</span> <span class='ocrx_word' id='word_1_66' title='bbox 353 1171 413 1235; x_wconf 91' lang='lat' dir='ltr'>sed</span> <span class='ocrx_word' id='word_1_67' title='bbox 434 1172 579 1254; x_wconf 88' lang='lat' dir='ltr'>ineptam</span> <span class='ocrx_word' id='word_1_68' title='bbox 599 1171 817 1235; x_wconf 82' lang='lat' dir='ltr'>narrationem</span> <span class='ocrx_word' id='word_1_69' title='bbox 838 1171 879 1235; x_wconf 90' lang='lat' dir='ltr'>de</span> <span class='ocrx_word' id='word_1_70' title='bbox 901 1191 964 1236; x_wconf 88' lang='lat' dir='ltr'>suo</span> <span class='ocrx_word' id='word_1_71' title='bbox 985 1177 1102 1254; x_wconf 82' lang='lat' dir='ltr'>assuit,</span> <span class='ocrx_word' id='word_1_72' title='bbox 1119 1179 1164 1242; x_wconf 89' lang='lat' dir='ltr'>ab</span> 
     </span>
     <span class='ocr_line' id='line_1_10' title="bbox 19 1269 1165 1361; baseline 0 -21"><span class='ocrx_word' id='word_1_73' title='bbox 19 1308 22 1313; x_wconf 95' lang='lat'>·</span> <span class='ocrx_word' id='word_1_74' title='bbox 60 1275 116 1341; x_wconf 82' lang='lat' dir='ltr'>hia</span> <span class='ocrx_word' id='word_1_75' title='bbox 128 1276 214 1359; x_wconf 81' lang='lat' dir='ltr'>ipsis</span> <span class='ocrx_word' id='word_1_76' title='bbox 227 1274 391 1339; x_wconf 88' lang='lat' dir='ltr'>erroribus</span> <span class='ocrx_word' id='word_1_77' title='bbox 406 1292 465 1336; x_wconf 89' lang='lat' dir='ltr'>eos</span> <span class='ocrx_word' id='word_1_78' title='bbox 481 1278 552 1335; x_wconf 91' lang='lat' dir='ltr'>tum</span> <span class='ocrx_word' id='word_1_79' title='bbox 566 1269 746 1358; x_wconf 63' lang='grc' dir='ltr'>Πελαργοὺς,</span> <span class='ocrx_word' id='word_1_80' title='bbox 761 1270 907 1349; x_wconf 75' lang='lat' dir='ltr'>ciconias,</span> <span class='ocrx_word' id='word_1_81' title='bbox 923 1272 992 1339; x_wconf 88' lang='lat' dir='ltr'>dici</span> <span class='ocrx_word' id='word_1_82' title='bbox 1008 1279 1165 1361; x_wconf 85' lang='lat' dir='ltr'>coepisse.</span> 
     </span>
     <span class='ocr_line' id='line_1_11' title="bbox 61 1374 1165 1457; baseline 0.002 -15"><span class='ocrx_word' id='word_1_83' title='bbox 61 1376 187 1442; x_wconf 79' lang='lat' dir='ltr'>Contra</span> <span class='ocrx_word' id='word_1_84' title='bbox 199 1375 396 1452; x_wconf 85' lang='lat' dir='ltr'>Anticlides,</span> <span class='ocrx_word' id='word_1_85' title='bbox 415 1394 479 1438; x_wconf 93' lang='lat' dir='ltr'>non</span> <span class='ocrx_word' id='word_1_86' title='bbox 499 1374 655 1456; x_wconf 77' lang='lat' dir='ltr'>ignobilis</span> <span class='ocrx_word' id='word_1_87' title='bbox 677 1374 829 1457; x_wconf 87' lang='lat' dir='ltr'>scriptor,</span> <span class='ocrx_word' id='word_1_88' title='bbox 851 1374 1024 1457; x_wconf 82' lang='lat' dir='ltr'>Pelasgos,</span> <span class='ocrx_word' id='word_1_89' title='bbox 1039 1377 1165 1444; x_wconf 84' lang='lat' dir='ltr'>lemno</span> 
     </span>
     <span class='ocr_line' id='line_1_12' title="bbox 59 1474 1165 1562; baseline 0 -17"><span class='ocrx_word' id='word_1_90' title='bbox 59 1486 96 1545; x_wconf 88' lang='lat' dir='ltr'>et</span> <span class='ocrx_word' id='word_1_91' title='bbox 116 1480 231 1545; x_wconf 83' lang='lat' dir='ltr'>Imbro</span> <span class='ocrx_word' id='word_1_92' title='bbox 251 1480 345 1562; x_wconf 90' lang='lat' dir='ltr'>prius</span> <span class='ocrx_word' id='word_1_93' title='bbox 368 1478 557 1554; x_wconf 86' lang='lat' dir='ltr'>constituta,</span> <span class='ocrx_word' id='word_1_94' title='bbox 573 1496 650 1541; x_wconf 90' lang='lat' dir='ltr'>cum</span> <span class='ocrx_word' id='word_1_95' title='bbox 671 1474 850 1559; x_wconf 83' lang='lat' dir='ltr'>Tyrrheno,</span> <span class='ocrx_word' id='word_1_96' title='bbox 866 1475 968 1559; x_wconf 79' lang='lat' dir='ltr'>Atyis</span> <span class='ocrx_word' id='word_1_97' title='bbox 982 1478 1017 1555; x_wconf 71' lang='lat' dir='ltr'>s,</span> <span class='ocrx_word' id='word_1_98' title='bbox 1040 1480 1074 1543; x_wconf 90' lang='lat' dir='ltr'>iu</span> <span class='ocrx_word' id='word_1_99' title='bbox 1096 1479 1165 1546; x_wconf 85' lang='lat' dir='ltr'>Ita·</span> 
     </span>
     <span class='ocr_line' id='line_1_13' title="bbox 53 1577 1164 1664; baseline 0 -17"><span class='ocrx_word' id='word_1_100' title='bbox 53 1580 142 1647; x_wconf 82' lang='lat' dir='ltr'>liam</span> <span class='ocrx_word' id='word_1_101' title='bbox 157 1580 364 1645; x_wconf 78' lang='lat' dir='ltr'>contendisse</span> <span class='ocrx_word' id='word_1_102' title='bbox 378 1579 558 1643; x_wconf 79' lang='lat' dir='ltr'>tradiderat</span> <span class='ocrx_word' id='word_1_103' title='bbox 571 1598 626 1660; x_wconf 90' lang='lat' dir='ltr'>ap.</span> <span class='ocrx_word' id='word_1_104' title='bbox 642 1578 752 1641; x_wconf 85' lang='lat' dir='ltr'>Strab.</span> <span class='ocrx_word' id='word_1_105' title='bbox 765 1577 824 1641; x_wconf 90' lang='lat' dir='ltr'>lib.</span> <span class='ocrx_word' id='word_1_106' title='bbox 841 1593 876 1653; x_wconf 72' lang='lat' dir='ltr'>s,</span> <span class='ocrx_word' id='word_1_107' title='bbox 900 1597 933 1660; x_wconf 90' lang='lat' dir='ltr'>p.</span> <span class='ocrx_word' id='word_1_108' title='bbox 946 1578 1013 1642; x_wconf 84' lang='grc'>339</span> <span class='ocrx_word' id='word_1_109' title='bbox 1033 1595 1070 1656; x_wconf 76' lang='lat' dir='ltr'>A,</span> <span class='ocrx_word' id='word_1_110' title='bbox 1086 1600 1164 1664; x_wconf 77' lang='lat' dir='ltr'>qum</span> 
     </span>
     <span class='ocr_line' id='line_1_14' title="bbox 61 1679 1166 1763; baseline -0.003 -15"><span class='ocrx_word' id='word_1_111' title='bbox 61 1683 167 1749; x_wconf 72' lang='lat' dir='ltr'>vario</span> <span class='ocrx_word' id='word_1_112' title='bbox 180 1687 257 1746; x_wconf 89' lang='lat' dir='ltr'>suut</span> <span class='ocrx_word' id='word_1_113' title='bbox 270 1687 413 1745; x_wconf 84' lang='lat' dir='ltr'>veterum</span> <span class='ocrx_word' id='word_1_114' title='bbox 425 1681 620 1762; x_wconf 90' lang='lat' dir='ltr'>scriptorum</span> <span class='ocrx_word' id='word_1_115' title='bbox 633 1680 893 1763; x_wconf 77' lang='lat' dir='ltr'>periclitationes</span> <span class='ocrx_word' id='word_1_116' title='bbox 906 1679 941 1743; x_wconf 88' lang='lat' dir='ltr'>iu</span> <span class='ocrx_word' id='word_1_117' title='bbox 953 1687 1064 1745; x_wconf 82' lang='lat' dir='ltr'>vetere</span> <span class='ocrx_word' id='word_1_118' title='bbox 1076 1682 1166 1753; x_wconf 77' lang='lat' dir='ltr'>tama</span> 
     </span>
     <span class='ocr_line' id='line_1_15' title="bbox 60 1781 1165 1864; baseline 0 -13"><span class='ocrx_word' id='word_1_119' title='bbox 60 1803 140 1851; x_wconf 86' lang='lat' dir='ltr'>cum</span> <span class='ocrx_word' id='word_1_120' title='bbox 152 1804 259 1849; x_wconf 87' lang='lat' dir='ltr'>rernm</span> <span class='ocrx_word' id='word_1_121' title='bbox 271 1784 411 1847; x_wconf 85' lang='lat' dir='ltr'>aliarum</span> <span class='ocrx_word' id='word_1_122' title='bbox 425 1782 606 1846; x_wconf 91' lang='lat' dir='ltr'>rationibus</span> <span class='ocrx_word' id='word_1_123' title='bbox 626 1781 869 1864; x_wconf 87' lang='lat' dir='ltr'>componenda.</span> <span class='ocrx_word' id='word_1_124' title='bbox 912 1781 1111 1851; x_wconf 86' lang='lat' dir='ltr'>Hellanicus</span> <span class='ocrx_word' id='word_1_125' title='bbox 1130 1786 1165 1851; x_wconf 90' lang='lat' dir='ltr'>in</span> 
     </span>
     <span class='ocr_line' id='line_1_16' title="bbox 61 1883 1166 1969; baseline -0.001 -17"><span class='ocrx_word' id='word_1_126' title='bbox 61 1883 260 1963; x_wconf 81' lang='lat' dir='ltr'>Phoronide,</span> <span class='ocrx_word' id='word_1_127' title='bbox 284 1885 537 1969; x_wconf 88' lang='lat' dir='ltr'>antiquissimus</span> <span class='ocrx_word' id='word_1_128' title='bbox 557 1885 713 1968; x_wconf 90' lang='lat' dir='ltr'>scriptor,</span> <span class='ocrx_word' id='word_1_129' title='bbox 735 1883 906 1964; x_wconf 80' lang='lat' dir='ltr'>Pelasgos,</span> <span class='ocrx_word' id='word_1_130' title='bbox 930 1890 1109 1969; x_wconf 86' lang='lat' dir='ltr'>postquam</span> <span class='ocrx_word' id='word_1_131' title='bbox 1130 1890 1166 1959; x_wconf 87' lang='lat' dir='ltr'>in</span> 
     </span>
     <span class='ocr_line' id='line_1_17' title="bbox 54 1984 1166 2067; baseline 0.003 -16"><span class='ocrx_word' id='word_1_132' title='bbox 54 1987 169 2053; x_wconf 75' lang='lat' dir='ltr'>sinum</span> <span class='ocrx_word' id='word_1_133' title='bbox 190 1984 398 2050; x_wconf 80' lang='lat' dir='ltr'>Adriaticum</span> <span class='ocrx_word' id='word_1_134' title='bbox 418 1984 552 2067; x_wconf 81' lang='lat' dir='ltr'>appulsi</span> <span class='ocrx_word' id='word_1_135' title='bbox 564 1984 604 2047; x_wconf 93' lang='lat' dir='ltr'>-in</span> <span class='ocrx_word' id='word_1_136' title='bbox 628 1984 783 2048; x_wconf 86' lang='lat' dir='ltr'>interiora</span> <span class='ocrx_word' id='word_1_137' title='bbox 799 1984 908 2049; x_wconf 79' lang='lat' dir='ltr'>Italiae</span> <span class='ocrx_word' id='word_1_138' title='bbox 930 1987 1166 2067; x_wconf 79' lang='lat' dir='ltr'>immigreraut,</span> 
     </span>
     <span class='ocr_line' id='line_1_18' title="bbox 60 2083 1167 2169; baseline -0.001 -16"><span class='ocrx_word' id='word_1_139' title='bbox 60 2092 251 2153; x_wconf 83' lang='lat' dir='ltr'>narraverat</span> <span class='ocrx_word' id='word_1_140' title='bbox 273 2084 488 2169; x_wconf 73' lang='lat' dir='ltr'>&#39;I‘yrrlreniam</span> <span class='ocrx_word' id='word_1_141' title='bbox 511 2083 699 2148; x_wconf 79' lang='lat' dir='ltr'>condidisse</span> <span class='ocrx_word' id='word_1_142' title='bbox 723 2083 878 2167; x_wconf 84' lang='lat' dir='ltr'>(Dionys.</span> <span class='ocrx_word' id='word_1_143' title='bbox 901 2083 1021 2168; x_wconf 75' lang='lat'>1,·28);</span> <span class='ocrx_word' id='word_1_144' title='bbox 1043 2090 1102 2169; x_wconf 91' lang='lat' dir='ltr'>qui</span> <span class='ocrx_word' id='word_1_145' title='bbox 1123 2109 1167 2155; x_wconf 84' lang='lat' dir='ltr'>ex</span> 
     </span>
    </p>
   </div>
   <div class='ocr_carea' id='block_1_5' title="bbox 59 2184 1168 2372">
    <p class='ocr_par' dir='ltr' id='par_1_5' title="bbox 59 2184 1168 2372">
     <span class='ocr_line' id='line_1_19' title="bbox 61 2184 1167 2272; baseline 0.001 -19"><span class='ocrx_word' id='word_1_146' title='bbox 61 2193 157 2272; x_wconf 78' lang='lat' dir='ltr'>porte</span> <span class='ocrx_word' id='word_1_147' title='bbox 179 2207 294 2255; x_wconf 82' lang='lat' dir='ltr'>uorum</span> <span class='ocrx_word' id='word_1_148' title='bbox 317 2185 493 2250; x_wconf 85' lang='lat' dir='ltr'>tradidisse</span> <span class='ocrx_word' id='word_1_149' title='bbox 512 2184 616 2249; x_wconf 82' lang='lat' dir='ltr'>videri</span> <span class='ocrx_word' id='word_1_150' title='bbox 637 2184 753 2249; x_wconf 85' lang='lat' dir='ltr'>debet:</span> <span class='ocrx_word' id='word_1_151' title='bbox 776 2186 855 2249; x_wconf 92' lang='lat' dir='ltr'>item</span> <span class='ocrx_word' id='word_1_152' title='bbox 877 2184 1039 2268; x_wconf 89' lang='lat' dir='ltr'>Scymnus</span> <span class='ocrx_word' id='word_1_153' title='bbox 1060 2186 1167 2254; x_wconf 83' lang='lat' dir='ltr'>Chius</span> 
     </span>
     <span class='ocr_line' id='line_1_20' title="bbox 59 2275 1168 2372; baseline -0.001 -18"><span class='ocrx_word' id='word_1_154' title='bbox 59 2291 99 2357; x_wconf 87' lang='lat' dir='ltr'>-in</span> <span class='ocrx_word' id='word_1_155' title='bbox 118 2287 249 2371; x_wconf 77' lang='lat' dir='ltr'>Perieg.</span> <span class='ocrx_word' id='word_1_156' title='bbox 264 2287 331 2352; x_wconf 79' lang='lat'>218</span> <span class='ocrx_word' id='word_1_157' title='bbox 362 2288 461 2363; x_wconf 78' lang='grc' dir='ltr'>Κοιιὴν</span> <span class='ocrx_word' id='word_1_158' title='bbox 483 2285 511 2347; x_wconf 78' lang='lat' dir='ltr'>li</span> <span class='ocrx_word' id='word_1_159' title='bbox 537 2287 696 2370; x_wconf 59' lang='grc' dir='ltr'>Ίιρῥηνιῐσι</span> <span class='ocrx_word' id='word_1_160' title='bbox 717 2282 820 2372; x_wconf 62' lang='grc' dir='ltr'>χώραν</span> <span class='ocrx_word' id='word_1_161' title='bbox 846 2283 1004 2367; x_wconf 73' lang='grc' dir='ltr'>νεμόμενοιε</span> <span class='ocrx_word' id='word_1_162' title='bbox 1028 2308 1076 2353; x_wconf 86' lang='lat' dir='ltr'>sc.</span> <span class='ocrx_word' id='word_1_163' title='bbox 1102 2275 1168 2358; x_wconf 70' lang='lat' dir='ltr'>Pa-</span> 
     </span>
    </p>
   </div>
   <div class='ocr_carea' id='block_1_6' title="bbox 60 2387 1168 2572">
    <p class='ocr_par' dir='ltr' id='par_1_6' title="bbox 60 2387 1168 2572">
     <span class='ocr_line' id='line_1_21' title="bbox 60 2387 1166 2474; baseline 0.005 -21"><span class='ocrx_word' id='word_1_164' title='bbox 60 2391 162 2474; x_wconf 71' lang='lat' dir='ltr'>lungi,</span> <span class='ocrx_word' id='word_1_165' title='bbox 174 2391 232 2474; x_wconf 87' lang='lat' dir='ltr'>qui</span> <span class='ocrx_word' id='word_1_166' title='bbox 246 2395 358 2455; x_wconf 82' lang='lat' dir='ltr'>tamen</span> <span class='ocrx_word' id='word_1_167' title='bbox 373 2388 510 2472; x_wconf 89' lang='lat' dir='ltr'>subjicit</span> <span class='ocrx_word' id='word_1_168' title='bbox 524 2387 602 2465; x_wconf 88' lang='lat' dir='ltr'>alia,</span> <span class='ocrx_word' id='word_1_169' title='bbox 616 2408 693 2472; x_wconf 75' lang='lat' dir='ltr'>quas</span> <span class='ocrx_word' id='word_1_170' title='bbox 707 2406 842 2453; x_wconf 88' lang='lat' dir='ltr'>erronea</span> <span class='ocrx_word' id='word_1_171' title='bbox 855 2393 940 2453; x_wconf 89' lang='lat' dir='ltr'>sunt.</span> <span class='ocrx_word' id='word_1_172' title='bbox 983 2388 1057 2455; x_wconf 85' lang='lat' dir='ltr'>Etsi</span> <span class='ocrx_word' id='word_1_173' title='bbox 1067 2392 1166 2473; x_wconf 80' lang='lat' dir='ltr'>enim,</span> 
     </span>
     <span class='ocr_line' id='line_1_22' title="bbox 62 2486 1168 2572; baseline 0 -14"><span class='ocrx_word' id='word_1_174' title='bbox 62 2491 278 2559; x_wconf 70' lang='lat' dir='ltr'>Ftr&#39;uscorum</span> <span class='ocrx_word' id='word_1_175' title='bbox 298 2490 441 2571; x_wconf 81' lang='lat' dir='ltr'>origines</span> <span class='ocrx_word' id='word_1_176' title='bbox 464 2489 549 2553; x_wconf 86' lang='lat' dir='ltr'>ultra</span> <span class='ocrx_word' id='word_1_177' title='bbox 562 2486 676 2572; x_wconf 72' lang='lat' dir='ltr'>‚Alpes</span> <span class='ocrx_word' id='word_1_178' title='bbox 700 2489 894 2572; x_wconf 85' lang='lat' dir='ltr'>quaerendas</span> <span class='ocrx_word' id='word_1_179' title='bbox 916 2508 1002 2567; x_wconf 88' lang='lat' dir='ltr'>esse,</span> <span class='ocrx_word' id='word_1_180' title='bbox 1023 2490 1168 2558; x_wconf 89' lang='lat' dir='ltr'>dubitari</span> 
     </span>
    </p>
   </div>
   <div class='ocr_carea' id='block_1_7' title="bbox 58 2590 1267 2676">
    <p class='ocr_par' dir='ltr' id='par_1_7' title="bbox 58 2590 1267 2676">
     <span class='ocr_line' id='line_1_23' title="bbox 58 2590 1267 2676; baseline 0.016 -31"><span class='ocrx_word' id='word_1_181' title='bbox 58 2594 126 2658; x_wconf 63' lang='lat' dir='ltr'>m</span> <span class='ocrx_word' id='word_1_182' title='bbox 139 2597 269 2676; x_wconf 60' lang='lat' dir='ltr'>potem</span> <span class='ocrx_word' id='word_1_183' title='bbox 292 2590 382 2675; x_wconf 91' lang='lat' dir='ltr'>qnod</span> <span class='ocrx_word' id='word_1_184' title='bbox 394 2591 460 2654; x_wconf 84' lang='lat' dir='ltr'>alio</span> <span class='ocrx_word' id='word_1_185' title='bbox 474 2609 606 2673; x_wconf 88' lang='lat' dir='ltr'>qnoque</span> <span class='ocrx_word' id='word_1_186' title='bbox 620 2591 696 2655; x_wconf 92' lang='lat' dir='ltr'>loco</span> <span class='ocrx_word' id='word_1_187' title='bbox 712 2597 866 2656; x_wconf 72' lang='lat' dir='ltr'>docmate</span> <span class='ocrx_word' id='word_1_188' title='bbox 881 2591 1083 2675; x_wconf 87' lang='lat' dir='ltr'>disputatum</span> <span class='ocrx_word' id='word_1_189' title='bbox 1097 2599 1169 2675; x_wconf 82' lang='lat' dir='ltr'>est3</span> <span class='ocrx_word' id='word_1_190' title='bbox 1264 2616 1267 2621; x_wconf 86' lang='lat'><em>·</em></span> 
     </span>
    </p>
   </div>
   <div class='ocr_carea' id='block_1_8' title="bbox 62 2693 1250 4193">
    <p class='ocr_par' dir='ltr' id='par_1_8' title="bbox 62 2693 1250 3990">
     <span class='ocr_line' id='line_1_24' title="bbox 63 2693 1169 2777; baseline -0.001 -16"><span class='ocrx_word' id='word_1_191' title='bbox 63 2694 230 2777; x_wconf 76' lang='lat' dir='ltr'>Pelasgos</span> <span class='ocrx_word' id='word_1_192' title='bbox 248 2698 358 2758; x_wconf 68' lang='lat' dir='ltr'>tamum</span> <span class='ocrx_word' id='word_1_193' title='bbox 379 2694 414 2755; x_wconf 91' lang='lat' dir='ltr'>in</span> <span class='ocrx_word' id='word_1_194' title='bbox 435 2693 496 2756; x_wconf 86' lang='lat' dir='ltr'>has</span> <span class='ocrx_word' id='word_1_195' title='bbox 521 2693 657 2757; x_wconf 88' lang='lat' dir='ltr'>easdem</span> <span class='ocrx_word' id='word_1_196' title='bbox 679 2693 723 2756; x_wconf 90' lang='lat' dir='ltr'>ab</span> <span class='ocrx_word' id='word_1_197' title='bbox 747 2693 919 2758; x_wconf 89' lang='lat' dir='ltr'>occidente</span> <span class='ocrx_word' id='word_1_198' title='bbox 939 2693 1072 2758; x_wconf 79' lang='lat' dir='ltr'>&#39;liberis</span> <span class='ocrx_word' id='word_1_199' title='bbox 1086 2696 1169 2761; x_wconf 83' lang='lat' dir='ltr'>sitas</span> 
     </span>
     <span class='ocr_line' id='line_1_25' title="bbox 62 2794 1170 2877; baseline -0.002 -14"><span class='ocrx_word' id='word_1_200' title='bbox 62 2805 167 2863; x_wconf 81' lang='lat' dir='ltr'>terres</span> <span class='ocrx_word' id='word_1_201' title='bbox 191 2797 409 2876; x_wconf 79' lang='lat' dir='ltr'>immigrasse,</span> <span class='ocrx_word' id='word_1_202' title='bbox 438 2794 542 2858; x_wconf 79' lang='lat' dir='ltr'>mirlta</span> <span class='ocrx_word' id='word_1_203' title='bbox 568 2800 728 2876; x_wconf 83' lang='lat' dir='ltr'>arguunt:</span> <span class='ocrx_word' id='word_1_204' title='bbox 758 2813 844 2877; x_wconf 87' lang='lat' dir='ltr'>qnos</span> <span class='ocrx_word' id='word_1_205' title='bbox 872 2798 1036 2861; x_wconf 88' lang='lat' dir='ltr'>communi</span> <span class='ocrx_word' id='word_1_206' title='bbox 1061 2798 1170 2877; x_wconf 76' lang='lat' dir='ltr'>gentis</span> 
     </span>
     <span class='ocr_line' id='line_1_26' title="bbox 63 2894 1169 2977; baseline -0.002 -14"><span class='ocrx_word' id='word_1_207' title='bbox 63 2897 195 2963; x_wconf 85' lang='lat' dir='ltr'>nomine</span> <span class='ocrx_word' id='word_1_208' title='bbox 207 2895 311 2961; x_wconf 82' lang='lat' dir='ltr'>fuisse</span> <span class='ocrx_word' id='word_1_209' title='bbox 326 2894 582 2977; x_wconf 89' lang='lat' dir='ltr'>comprehensos</span> <span class='ocrx_word' id='word_1_210' title='bbox 602 2914 700 2959; x_wconf 91' lang='lat' dir='ltr'>nemo</span> <span class='ocrx_word' id='word_1_211' title='bbox 722 2896 904 2973; x_wconf 77' lang='lat' dir='ltr'>mnabitur,</span> <span class='ocrx_word' id='word_1_212' title='bbox 918 2903 956 2960; x_wconf 92' lang='lat' dir='ltr'>ut</span> <span class='ocrx_word' id='word_1_213' title='bbox 969 2903 1079 2961; x_wconf 87' lang='lat' dir='ltr'>tamen</span> <span class='ocrx_word' id='word_1_214' title='bbox 1092 2896 1169 2961; x_wconf 84' lang='lat' dir='ltr'>iude</span> 
     </span>
     <span class='ocr_line' id='line_1_27' title="bbox 63 2994 1170 3078; baseline -0.002 -15"><span class='ocrx_word' id='word_1_215' title='bbox 63 3016 124 3063; x_wconf 84' lang='lat' dir='ltr'>nec</span> <span class='ocrx_word' id='word_1_216' title='bbox 138 2994 318 3061; x_wconf 86' lang='lat' dir='ltr'>contendat</span> <span class='ocrx_word' id='word_1_217' title='bbox 330 2997 416 3078; x_wconf 90' lang='lat' dir='ltr'>quis,</span> <span class='ocrx_word' id='word_1_218' title='bbox 434 2995 589 3059; x_wconf 86' lang='lat' dir='ltr'>Etruscos</span> <span class='ocrx_word' id='word_1_219' title='bbox 602 2995 704 3058; x_wconf 82' lang='lat' dir='ltr'>fuisse</span> <span class='ocrx_word' id='word_1_220' title='bbox 717 2995 892 3074; x_wconf 85' lang='lat' dir='ltr'>Pelasgos.</span> <span class='ocrx_word' id='word_1_221' title='bbox 937 2994 1046 3059; x_wconf 80' lang='lat' dir='ltr'>Poiita</span> <span class='ocrx_word' id='word_1_222' title='bbox 1059 3002 1170 3061; x_wconf 86' lang='lat' dir='ltr'>tamen</span> 
     </span>
     <span class='ocr_line' id='line_1_28' title="bbox 63 3094 1171 3174; baseline -0.002 -10"><span class='ocrx_word' id='word_1_223' title='bbox 63 3099 138 3164; x_wconf 69' lang='lat' dir='ltr'>limo</span> <span class='ocrx_word' id='word_1_224' title='bbox 152 3099 276 3174; x_wconf 88' lang='lat' dir='ltr'>omnia,</span> <span class='ocrx_word' id='word_1_225' title='bbox 290 3099 353 3163; x_wconf 87' lang='lat' dir='ltr'>etsi</span> <span class='ocrx_word' id='word_1_226' title='bbox 366 3097 537 3161; x_wconf 90' lang='lat' dir='ltr'>subductis</span> <span class='ocrx_word' id='word_1_227' title='bbox 559 3097 745 3161; x_wconf 85' lang='lat' dir='ltr'>accuratius</span> <span class='ocrx_word' id='word_1_228' title='bbox 766 3095 912 3159; x_wconf 79' lang='lat' dir='ltr'>historiae</span> <span class='ocrx_word' id='word_1_229' title='bbox 927 3094 1066 3159; x_wconf 84' lang='lat' dir='ltr'>calculis</span> <span class='ocrx_word' id='word_1_230' title='bbox 1082 3102 1171 3162; x_wconf 85' lang='lat' dir='ltr'>recte</span> 
     </span>
     <span class='ocr_line' id='line_1_29' title="bbox 64 3195 1171 3282; baseline -0.005 -18"><span class='ocrx_word' id='word_1_231' title='bbox 64 3199 218 3282; x_wconf 77' lang='lat' dir='ltr'>explosa,</span> <span class='ocrx_word' id='word_1_232' title='bbox 228 3198 353 3264; x_wconf 88' lang='lat' dir='ltr'>erudite</span> <span class='ocrx_word' id='word_1_233' title='bbox 361 3204 395 3264; x_wconf 92' lang='lat' dir='ltr'>et</span> <span class='ocrx_word' id='word_1_234' title='bbox 404 3198 656 3280; x_wconf 77' lang='lat' dir='ltr'>sapientnrinter</span> <span class='ocrx_word' id='word_1_235' title='bbox 670 3200 863 3261; x_wconf 86' lang='lat' dir='ltr'>ornamenta</span> <span class='ocrx_word' id='word_1_236' title='bbox 873 3195 1029 3261; x_wconf 87' lang='lat' dir='ltr'>carminis</span> <span class='ocrx_word' id='word_1_237' title='bbox 1041 3198 1171 3264; x_wconf 69' lang='lat' dir='ltr'>asciut.</span> 
     </span>
     <span class='ocr_line' id='line_1_30' title="bbox 67 3296 1250 3382; baseline 0.001 -19"><span class='ocrx_word' id='word_1_238' title='bbox 67 3298 187 3382; x_wconf 86' lang='lat' dir='ltr'>Itaque</span> <span class='ocrx_word' id='word_1_239' title='bbox 214 3315 295 3375; x_wconf 87' lang='lat' dir='ltr'>vrrr,</span> <span class='ocrx_word' id='word_1_240' title='bbox 318 3300 394 3364; x_wconf 83' lang='grc'><strong>479.</strong></span> <span class='ocrx_word' id='word_1_241' title='bbox 418 3299 484 3363; x_wconf 74' lang='lat' dir='ltr'>teo</span> <span class='ocrx_word' id='word_1_242' title='bbox 515 3298 556 3362; x_wconf 90' lang='lat' dir='ltr'>de</span> <span class='ocrx_word' id='word_1_243' title='bbox 581 3296 705 3380; x_wconf 87' lang='lat' dir='ltr'>Agylla</span> <span class='ocrx_word' id='word_1_244' title='bbox 729 3316 789 3361; x_wconf 87' lang='lat' dir='ltr'>sen</span> <span class='ocrx_word' id='word_1_245' title='bbox 813 3296 922 3375; x_wconf 79' lang='lat' dir='ltr'>Caere,</span> <span class='ocrx_word' id='word_1_246' title='bbox 951 3298 1034 3363; x_wconf 86' lang='lat' dir='ltr'>‘ubi</span> <span class='ocrx_word' id='word_1_247' title='bbox 1060 3297 1171 3381; x_wconf 78' lang='lat' dir='ltr'>Lydis</span> <span class='ocrx_word' id='word_1_248' title='bbox 1247 3344 1250 3349; x_wconf 91' lang='lat'><em>-</em></span> 
     </span>
     <span class='ocr_line' id='line_1_31' title="bbox 66 3398 1169 3484; baseline 0 -20"><span class='ocrx_word' id='word_1_249' title='bbox 66 3400 235 3484; x_wconf 86' lang='lat' dir='ltr'>quondam</span> <span class='ocrx_word' id='word_1_250' title='bbox 258 3398 350 3464; x_wconf 87' lang='lat' dir='ltr'>Gens</span> <span class='ocrx_word' id='word_1_251' title='bbox 372 3401 460 3464; x_wconf 88' lang='lat' dir='ltr'>bello</span> <span class='ocrx_word' id='word_1_252' title='bbox 481 3401 644 3482; x_wconf 82' lang='lat' dir='ltr'>praeclara</span> <span class='ocrx_word' id='word_1_253' title='bbox 661 3400 752 3482; x_wconf 87' lang='lat' dir='ltr'>jugis</span> <span class='ocrx_word' id='word_1_254' title='bbox 774 3398 894 3462; x_wconf 87' lang='lat' dir='ltr'>insedit</span> <span class='ocrx_word' id='word_1_255' title='bbox 916 3398 1087 3463; x_wconf 66' lang='lat' dir='ltr'>Etruscis!</span> <span class='ocrx_word' id='word_1_256' title='bbox 1112 3416 1169 3480; x_wconf 88' lang='lat' dir='ltr'>1x,</span> 
     </span>
     <span class='ocr_line' id='line_1_32' title="bbox 67 3496 1173 3588; baseline 0 -23"><span class='ocrx_word' id='word_1_257' title='bbox 67 3502 121 3567; x_wconf 90' lang='lat' dir='ltr'>ll.</span> <span class='ocrx_word' id='word_1_258' title='bbox 136 3517 178 3579; x_wconf 73' lang='lat' dir='ltr'>X,</span> <span class='ocrx_word' id='word_1_259' title='bbox 193 3502 259 3565; x_wconf 89' lang='grc'>155</span> <span class='ocrx_word' id='word_1_260' title='bbox 282 3497 368 3585; x_wconf 77' lang='lat' dir='ltr'>Lydi</span> <span class='ocrx_word' id='word_1_261' title='bbox 381 3521 442 3584; x_wconf 91' lang='lat' dir='ltr'>pro</span> <span class='ocrx_word' id='word_1_262' title='bbox 457 3500 606 3563; x_wconf 90' lang='lat' dir='ltr'>Etruscis</span> <span class='ocrx_word' id='word_1_263' title='bbox 620 3521 631 3578; x_wconf 88' lang='lat'>;</span> <span class='ocrx_word' id='word_1_264' title='bbox 656 3505 689 3563; x_wconf 89' lang='lat' dir='ltr'>et</span> <span class='ocrx_word' id='word_1_265' title='bbox 703 3501 764 3588; x_wconf 47' lang='lat' dir='ltr'>libr</span> <span class='ocrx_word' id='word_1_266' title='bbox 778 3516 818 3576; x_wconf 88' lang='grc' dir='ltr'>ιι,</span> <span class='ocrx_word' id='word_1_267' title='bbox 833 3500 898 3564; x_wconf 89' lang='grc'>781</span> <span class='ocrx_word' id='word_1_268' title='bbox 922 3496 1043 3585; x_wconf 76' lang='lat' dir='ltr'>Lydios</span> <span class='ocrx_word' id='word_1_269' title='bbox 1060 3496 1173 3585; x_wconf 76' lang='lat' dir='ltr'>Tybris</span> 
     </span>
     <span class='ocr_line' id='line_1_33' title="bbox 67 3601 1172 3685; baseline 0 -18"><span class='ocrx_word' id='word_1_270' title='bbox 67 3623 90 3667; x_wconf 87' lang='lat' dir='ltr'>a</span> <span class='ocrx_word' id='word_1_271' title='bbox 109 3603 195 3666; x_wconf 88' lang='lat' dir='ltr'>dune</span> <span class='ocrx_word' id='word_1_272' title='bbox 216 3602 385 3684; x_wconf 89' lang='lat' dir='ltr'>Tyrrheno</span> <span class='ocrx_word' id='word_1_273' title='bbox 408 3622 427 3666; x_wconf 90' lang='lat' dir='ltr'>e</span> <span class='ocrx_word' id='word_1_274' title='bbox 448 3601 614 3685; x_wconf 87' lang='lat' dir='ltr'>Lydorum</span> <span class='ocrx_word' id='word_1_275' title='bbox 636 3607 741 3682; x_wconf 82' lang='lat' dir='ltr'>gente.</span> <span class='ocrx_word' id='word_1_276' title='bbox 784 3602 828 3667; x_wconf 92' lang='lat' dir='ltr'>Et</span> <span class='ocrx_word' id='word_1_277' title='bbox 848 3604 1004 3685; x_wconf 88' lang='lat' dir='ltr'>quoniam</span> <span class='ocrx_word' id='word_1_278' title='bbox 1020 3601 1172 3667; x_wconf 87' lang='lat' dir='ltr'>Maeones</span> 
     </span>
     <span class='ocr_line' id='line_1_34' title="bbox 67 3699 1172 3792; baseline -0.005 -22"><span class='ocrx_word' id='word_1_279' title='bbox 67 3712 195 3770; x_wconf 83' lang='lat' dir='ltr'>veteres</span> <span class='ocrx_word' id='word_1_280' title='bbox 209 3703 326 3786; x_wconf 80' lang='lat' dir='ltr'>Lydiae</span> <span class='ocrx_word' id='word_1_281' title='bbox 341 3703 449 3766; x_wconf 93' lang='lat' dir='ltr'>coloni</span> <span class='ocrx_word' id='word_1_282' title='bbox 462 3702 601 3777; x_wconf 85' lang='lat' dir='ltr'>suerunt,</span> <span class='ocrx_word' id='word_1_283' title='bbox 614 3702 689 3765; x_wconf 89' lang='lat' dir='ltr'>hinc</span> <span class='ocrx_word' id='word_1_284' title='bbox 712 3700 844 3765; x_wconf 90' lang='lat' dir='ltr'>Etrusci</span> <span class='ocrx_word' id='word_1_285' title='bbox 866 3699 1006 3765; x_wconf 69' lang='lat' dir='ltr'>Maeonio</span> <span class='ocrx_word' id='word_1_286' title='bbox 1019 3701 1172 3792; x_wconf 69' lang='lat' dir='ltr'>juventus</span> 
     </span>
     <span class='ocr_line' id='line_1_35' title="bbox 70 3801 1172 3886; baseline 0 -20"><span class='ocrx_word' id='word_1_287' title='bbox 70 3822 153 3882; x_wconf 80' lang='lat' dir='ltr'>vin,</span> <span class='ocrx_word' id='word_1_288' title='bbox 182 3806 260 3869; x_wconf 79' lang='grc'><strong>499.</strong></span> <span class='ocrx_word' id='word_1_289' title='bbox 291 3806 334 3869; x_wconf 84' lang='lat' dir='ltr'>cf.</span> <span class='ocrx_word' id='word_1_290' title='bbox 366 3822 423 3881; x_wconf 76' lang='lat' dir='ltr'>xi,</span> <span class='ocrx_word' id='word_1_291' title='bbox 451 3804 527 3868; x_wconf 79' lang='lat'><strong>759.</strong></span> <span class='ocrx_word' id='word_1_292' title='bbox 572 3801 674 3866; x_wconf 86' lang='lat' dir='ltr'>Nova</span> <span class='ocrx_word' id='word_1_293' title='bbox 707 3803 850 3865; x_wconf 92' lang='lat' dir='ltr'>nominis</span> <span class='ocrx_word' id='word_1_294' title='bbox 877 3803 1052 3868; x_wconf 82' lang='lat' dir='ltr'>inflexione</span> <span class='ocrx_word' id='word_1_295' title='bbox 1081 3803 1172 3886; x_wconf 87' lang='lat' dir='ltr'>apud</span> 
     </span>
     <span class='ocr_line' id='line_1_36' title="bbox 66 3901 903 3990; baseline -0.011 -19"><span class='ocrx_word' id='word_1_296' title='bbox 66 3905 233 3971; x_wconf 86' lang='lat' dir='ltr'>Rutilium</span> <span class='ocrx_word' id='word_1_297' title='bbox 248 3906 359 3970; x_wconf 84' lang='lat' dir='ltr'>Itiner.</span> <span class='ocrx_word' id='word_1_298' title='bbox 377 3923 402 3984; x_wconf 86' lang='lat' dir='ltr'>r,</span> <span class='ocrx_word' id='word_1_299' title='bbox 418 3906 483 3970; x_wconf 89' lang='grc'>596</span> <span class='ocrx_word' id='word_1_300' title='bbox 508 3901 706 3990; x_wconf 74' lang='lat' dir='ltr'>Tyrrligenae</span> <span class='ocrx_word' id='word_1_301' title='bbox 722 3904 803 3969; x_wconf 92' lang='lat' dir='ltr'>dicti</span> <span class='ocrx_word' id='word_1_302' title='bbox 818 3912 903 3969; x_wconf 89' lang='lat' dir='ltr'>sunt.</span> 
     </span>
    </p>

    <p class='ocr_par' dir='ltr' id='par_1_9' title="bbox 64 4001 1175 4193">
     <span class='ocr_line' id='line_1_37' title="bbox 115 4001 1175 4089; baseline -0.003 -19"><span class='ocrx_word' id='word_1_303' title='bbox 115 4003 278 4071; x_wconf 76' lang='lat' dir='ltr'>Tarconlis</span> <span class='ocrx_word' id='word_1_304' title='bbox 303 4028 361 4072; x_wconf 88' lang='lat' dir='ltr'>seu</span> <span class='ocrx_word' id='word_1_305' title='bbox 392 4002 572 4069; x_wconf 61' lang='lat' dir='ltr'>Tarchonte}</span> <span class='ocrx_word' id='word_1_306' title='bbox 599 4024 725 4082; x_wconf 88' lang='lat' dir='ltr'>nomen,</span> <span class='ocrx_word' id='word_1_307' title='bbox 751 4023 817 4088; x_wconf 93' lang='lat' dir='ltr'>quo</span> <span class='ocrx_word' id='word_1_308' title='bbox 846 4004 946 4089; x_wconf 68' lang='lat' dir='ltr'>poeta</span> <span class='ocrx_word' id='word_1_309' title='bbox 970 4005 1026 4067; x_wconf 86' lang='lat' dir='ltr'>ins.</span> <span class='ocrx_word' id='word_1_310' title='bbox 1049 4024 1081 4066; x_wconf 87' lang='lat' dir='ltr'>v.</span> <span class='ocrx_word' id='word_1_311' title='bbox 1105 4001 1175 4067; x_wconf 74' lang='lat'>603</span> 
     </span>
     <span class='ocr_line' id='line_1_38' title="bbox 64 4105 1174 4193; baseline -0.008 -17"><span class='ocrx_word' id='word_1_312' title='bbox 64 4110 299 4176; x_wconf 87' lang='lat' dir='ltr'>Lucumonem</span> <span class='ocrx_word' id='word_1_313' title='bbox 326 4105 553 4193; x_wconf 74' lang='lat' dir='ltr'>Agyllaomm</span> <span class='ocrx_word' id='word_1_314' title='bbox 581 4107 747 4192; x_wconf 87' lang='lat' dir='ltr'>impertiit,</span> <span class='ocrx_word' id='word_1_315' title='bbox 776 4125 840 4171; x_wconf 95' lang='lat' dir='ltr'>non</span> <span class='ocrx_word' id='word_1_316' title='bbox 863 4106 971 4170; x_wconf 91' lang='lat' dir='ltr'>minus</span> <span class='ocrx_word' id='word_1_317' title='bbox 993 4122 1039 4166; x_wconf 84' lang='lat' dir='ltr'>cx</span> <span class='ocrx_word' id='word_1_318' title='bbox 1062 4107 1174 4169; x_wconf 85' lang='lat' dir='ltr'>vetere</span> 
     </span>
    </p>
   </div>
   <div class='ocr_carea' id='block_1_9' title="bbox 0 0 1349 4686">
    <p class='ocr_par' dir='ltr' id='par_1_10' title="bbox 0 0 1349 4686">
     <span class='ocr_line' id='line_1_39' title="bbox 0 0 1349 4686; baseline 0 0"><span class='ocrx_word' id='word_1_319' title='bbox 0 0 1349 4686; x_wconf 95' lang='lat' dir='ltr'> </span> 
     </span>
    </p>
   </div>
  </div>
 </body>
</html>
