2664 4686
403 363 455 411 au
477 361 649 414 sumnus
670 363 850 414 nircum.
1085 353 1173 423 lm

70 509 256 588 mariun
291 506 354 591 pro
379 505 501 572 Siculis
523 506 583 572 alii
608 502 746 573 laudam
769 507 918 593 Elymus,
932 508 1099 594 Ausones,
1119 516 1175 583 rei

70 612 235 695 ligures3
268 611 327 677 alii
341 629 386 674 ex
398 608 511 673 media
525 608 625 674 Italia
638 611 839 675 arcessirere
852 612 1005 692 Siculos;
1037 635 1081 680 ex
1102 619 1174 682 suis

68 713 209 778 sedibus
224 714 269 777 ab
279 710 517 794 Aboriginibus
530 718 565 775 et
578 711 732 795 Pelasgis
746 714 952 792 exturbatos,
961 721 995 780 et
1007 736 1115 802 usqne
1130 719 1176 784 au

71 812 240 897 Rhegium
253 834 313 898 per
327 819 378 878 tot
389 814 547 877 barbaras
563 821 676 894 gentes
690 815 852 879 enoribus
871 822 984 883 actos:
1015 820 1083 884 vid.
1104 820 1176 885 Ex·

70 934 159 983 cura.
186 932 224 979 lv
249 916 293 981 ad
314 917 374 980 lib.
398 914 453 981 vla
465 934 515 997 pr.
565 911 686 976 Veteres
710 911 837 976 Sicanos
862 917 945 981 inter
969 918 1130 985 adductas
1151 943 1176 989 a

68 1014 188 1081 'llrruo
200 1019 318 1100 copias
329 1018 450 1081 recitat
462 1015 562 1099 poeta
581 1017 639 1080 lib.
661 1034 729 1094 vrr,
751 1016 828 1092 795,
854 1017 1004 1102 adeoque
1017 1021 1175 1105 reliquias

69 1117 260 1183 Siculorum
273 1116 376 1203 (quos
391 1117 533 1182 Sicanos
548 1114 709 1201 appellat)
724 1118 916 1195 etiamnum,
932 1119 1050 1186 AEueuc
1064 1129 1175 1202 aetate,

68 1220 104 1283 in
117 1217 220 1284 Italia
231 1218 433 1303 superfuisse
446 1237 582 1282 necesse
596 1224 657 1309 est.
710 1218 822 1283 Licuit
836 1219 948 1302 pobtse
963 1224 1011 1285 ita
1025 1223 1176 1306 opinari3

70 1321 135 1385 etsi
155 1321 462 1404 antiquissimorum
487 1321 684 1403 scriptorum
708 1321 903 1386 auctoritate
928 1324 1018 1405 apud
1047 1324 1176 1410 Diony-

72 1422 160 1487 sium
184 1421 273 1485 binis
303 1422 441 1486 trinisve
465 1426 541 1485 aute
569 1422 693 1485 bellum
720 1421 900 1505 Trojaunm
926 1426 1083 1490 aetatibus
1105 1432 1177 1492 tota

50 1520 175 1601 ,ltalia
196 1523 342 1587 cessisse
366 1527 536 1586 nanantur
564 1521 681 1586 Siculi.
735 1520 783 1587 At
803 1523 886 1587 illud
911 1525 1047 1589 alterum
1068 1529 1177 1609 magis

71 1624 287 1707 probabiliter
299 1625 435 1701 sactum,
451 1625 806 1706 quod'xr,316-319
821 1645 935 1706 agrum
956 1626 1110 1692 latinum
1132 1628 1177 1693 acl

71 1721 220 1789 llberim
232 1728 245 1758 ‘
258 1724 340 1788 fines
356 1743 458 1807 super
471 1743 577 1807 usque
591 1724 753 1802 Sicanos,'
767 1724 800 1790 h.
815 1745 920 1810 usque
933 1727 977 1792 ad
992 1728 1178 1795 Siculorum

71 1823 228 1902 confinia,
243 1824 285 1888 ub
300 1822 463 1888 Auruncis
480 1821 666 1909 Rutulisque
688 1826 833 1917 colixait.
888 1824 1069 1908 Potnenrnt
1088 1829 1177 1894 enim

71 1924 156 1989 fines
179 1926 367 1992 Siculorum
389 1927 490 1990 etiam
511 1928 555 1992 iis
576 1927 727 2010 expulsis
747 1928 907 1992 memoria
926 1927 1094 1995 bominum
1113 1928 1178 1995 ire-

71 2029 235 2112 qnentari.
288 2025 458 2111 Dtsjungit
480 2048 581 2112 porro
594 2029 697 2112 po'eta
714 2027 853 2092 Ausones
876 2031 920 2094 ab
938 2027 1176 2114 Aboriginibus,
1311 2066 1315 2077 =

70 2129 105 2195 n.
131 2131 177 2196 ab
198 2131 241 2196 iis
265 2131 453 2195 homiuibus
474 2130 551 2194 feris
565 2136 600 2194 et
612 2131 841 2214 sylvestribus,
856 2132 914 2214 qui
927 2131 1027 2212 primi
1043 2131 1177 2196 Italiam
1262 2186 1267 2201 ,

71 2232 252 2297 coluerunt
296 2232 446 2296 Seriores
469 2232 567 2308 enim,
591 2237 625 2296 et
648 2250 749 2294 aurea
764 2231 838 2313 jam
854 2234 952 2295 aetate
966 2231 1177 2314 Satumcque

70 2348 147 2414 rege
161 2334 306 2410 sublato,
321 2353 380 2398 ecs
395 2333 530 2396 Italiam
545 2334 713 2414 ingressos
735 2332 817 2395 dicit
839 2352 873 2394 v.
887 2331 953 2397 328
975 2332 1088 2397 ‘'Inm
1107 2351 1178 2397 ma·

69 2446 135 2495 uus
149 2429 320 2498 Ausonia?
364 2434 480 2499 Potuit
492 2438 527 2497 et
538 2432 616 2510 hoc,
632 2439 786 2515 tauquam
801 2429 913 2514 poeta,
927 2452 1061 2514 ponere,
1076 2433 1178 2499 etiam

70 2552 151 2597 cum
164 2535 289 2599 ratione
303 2535 428 2617 aliqua.
472 2533 548 2597 Etsi
562 2534 650 2598 euim
664 2534 832 2607 communi
847 2534 950 2616 stirpe
964 2533 1178 2615 procederent

69 2638 215 2699 etvetus
228 2635 310 2699 illud
322 2636 463 2699 ferorum
476 2635 644 2699 hominum
666 2652 770 2717 genus
792 2640 826 2698 et
847 2634 924 2698 alim
939 2639 1050 2717 gentes
1065 2633 1178 2699 Auso·

69 2734 157 2812 uiae,
171 2742 284 2801 tamen
296 2737 368 2800 suis
380 2735 569 2800 nominibus
583 2735 737 2799 discretae
750 2740 861 2814 erant;
895 2734 1048 2816 adeoque
1061 2734 1177 2799 mitius

70 2853 114 2903 ac
127 2840 332 2902 mansuetius
347 2856 450 2919 genus
472 2855 533 2919 per
556 2834 744 2900 Ausonium
755 2855 875 2900 nomen
888 2834 1057 2899 declarare
1069 2836 1178 2901 licuit.

71 2937 270 3005 Domestica
283 2944 395 3004 autem
416 2938 520 3002 fuisse
544 2944 578 3003 et
601 2937 715 3002 civilia
731 2937 820 3000 bella
834 2937 917 3000 inter
930 2937 1042 2999 varias
1062 2942 1178 3019 gentes

71 3039 236 3106 Ausoniae
262 3041 387 3125 stirpis,
408 3040 558 3122 adeoque
579 3038 680 3103 etiam
703 3035 905 3118 Aborigines
926 3036 1014 3099 bello
1036 3041 1179 3106 vexatos

70 3163 147 3209 esse
170 3164 193 3207 a
218 3145 333 3208 ceteus
354 3143 491 3225 populis
518 3140 684 3204 communi
707 3157 783 3202 cum
807 3135 926 3201 iisdem
948 3155 1065 3217 genere
1086 3138 1178 3215 orbs,
1253 3183 1255 3187 ι

71 3246 156 3311 satis
167 3245 340 3329 probabile
350 3243 490 3309 videtur.

113 3346 265 3413 Tandem
281 3347 384 3430 potita
396 3343 553 3428 subjicit:
585 3345 596 3375 ⁴
611 3341 745 3424 Saepius
759 3344 792 3403 et
804 3358 924 3404 nomeu
936 3337 1049 3422 posuit
1063 3337 1180 3404 Satur·

71 3449 129 3512 nia
151 3445 273 3512 tellus!
324 3444 432 3528 Attigi
457 3444 531 3509 hec
549 3442 622 3526 jam
644 3461 749 3524 snpra
772 3440 858 3505 Exc.
884 3456 971 3518 xxi,
998 3437 1042 3503 nd
1066 3439 1126 3506 lib.
1152 3457 1179 3505 1.

73 3547 289 3615 Declaranda
310 3567 397 3611 nunc
421 3565 475 3610 res
496 3550 549 3609 est
570 3543 671 3626 paulo
695 3543 839 3619 uberius,
863 3548 896 3606 et
917 3539 1109 3619 videndum,
1135 3560 1180 3609 an

72 3658 166 3717 certa
185 3650 253 3715 sint
272 3648 450 3733 principia,
466 3667 595 3722 causae,
610 3665 651 3710 ac
674 3644 829 3720 rationes,
853 3642 897 3706 ad
921 3661 1007 3726 quas
1025 3643 1178 3709 revocari

73 3753 193 3839 possit.
238 3750 343 3827 ¹Varia
355 3751 467 3833 utique
481 3749 590 3813 Italiae
604 3747 739 3810 nomina
752 3745 876 3810 tradita
889 3751 986 3824 sunt;
1017 3745 1047 3808 si
1069 3749 1179 3808 nmen

58 3876 144 3931 ‚rem
157 3853 260 3938 paulo
275 3854 463 3917 accuratius
482 3850 658 3933 inspicias,
680 3867 797 3930 parum
820 3847 991 3911 subtiliter.
1037 3844 1179 3907 Omnino

73 3956 197 4023 numa
216 3955 282 4019 boc
304 3960 508 4038 expectatur,
532 3959 569 4018 ut
588 3952 698 4033 magni
714 3955 868 4013 terrarum
890 3954 1015 4013 tractus
1030 3944 1092 4009 sub
1113 3961 1180 4007 unu

75 4058 365 4134 nomineveniant,
380 4062 555 4140 antequam
570 4054 635 4119 sub
650 4071 861 4117 communem
869 4048 999 4134 imperii
1025 4065 1066 4109 ac
1090 4043 1180 4125 regni

74 4178 270 4246 compagem
291 4159 452 4225 uenerint
503 4157 610 4239 Orbis
630 4173 708 4221 uero
732 4157 889 4221 terrarum
914 4153 1026 4233 partes
1047 4143 1180 4217 nomino
