<?xml version="1.0" encoding="UTF-8"?>
<!DOCTYPE html PUBLIC "-//W3C//DTD XHTML 1.0 Transitional//EN"
    "http://www.w3.org/TR/xhtml1/DTD/xhtml1-transitional.dtd">
<html xmlns="http://www.w3.org/1999/xhtml" xml:lang="en" lang="en">
 <head>
  <title>
</title>
<meta http-equiv="Content-Type" content="text/html;charset=utf-8" />
  <meta name='ocr-system' content='tesseract 3.04.00' />
  <meta name='ocr-capabilities' content='ocr_page ocr_carea ocr_par ocr_line ocrx_word'/>
</head>
<body>
  <div class='ocr_page' id='page_1' title='image "./pvirgiliimaroni00virggoog/pvirgiliimaroni00virggoog_0422.png"; bbox 0 0 2664 4686; ppageno 0'>
   <div class='ocr_carea' id='block_1_1' title="bbox 10 264 1170 380">
    <p class='ocr_par' dir='ltr' id='par_1_1' title="bbox 10 264 1170 380">
     <span class='ocr_line' id='line_1_1' title="bbox 10 264 1170 380; baseline 0.002 -2"><span class='ocrx_word' id='word_1_1' title='bbox 10 264 29 301; x_wconf 47' lang='grc' dir='ltr'><strong>ι</strong></span> <span class='ocrx_word' id='word_1_2' title='bbox 291 345 295 351; x_wconf 92' lang='grc'><strong>-</strong></span> <span class='ocrx_word' id='word_1_3' title='bbox 401 328 453 377; x_wconf 76' lang='lat' dir='ltr'><strong>an</strong></span> <span class='ocrx_word' id='word_1_4' title='bbox 476 326 649 378; x_wconf 68' lang='lat' dir='ltr'><strong>aunrnos</strong></span> <span class='ocrx_word' id='word_1_5' title='bbox 679 326 754 376; x_wconf 79' lang='lat' dir='ltr'><strong>nru-</strong></span> <span class='ocrx_word' id='word_1_6' title='bbox 777 327 833 376; x_wconf 84' lang='lat' dir='ltr'><strong>xr.</strong></span> <span class='ocrx_word' id='word_1_7' title='bbox 1081 303 1170 380; x_wconf 74' lang='lat' dir='ltr'><strong>taes</strong></span> 
     </span>
    </p>
   </div>
   <div class='ocr_carea' id='block_1_2' title="bbox 47 468 1299 1553">
    <p class='ocr_par' dir='ltr' id='par_1_2' title="bbox 47 468 1299 1553">
     <span class='ocr_line' id='line_1_2' title="bbox 57 468 1169 560; baseline -0.001 -20"><span class='ocrx_word' id='word_1_8' title='bbox 57 485 100 560; x_wconf 66' lang='lat' dir='ltr'><strong>p.</strong></span> <span class='ocrx_word' id='word_1_9' title='bbox 112 472 193 540; x_wconf 69' lang='lat'><strong>828.</strong></span> <span class='ocrx_word' id='word_1_10' title='bbox 206 472 285 538; x_wconf 68' lang='grc'><strong>899.</strong></span> <span class='ocrx_word' id='word_1_11' title='bbox 308 486 360 551; x_wconf 83' lang='lat' dir='ltr'><strong>vl,</strong></span> <span class='ocrx_word' id='word_1_12' title='bbox 373 492 409 556; x_wconf 90' lang='lat' dir='ltr'><strong>p.</strong></span> <span class='ocrx_word' id='word_1_13' title='bbox 422 472 489 537; x_wconf 73' lang='lat'><strong>435</strong></span> <span class='ocrx_word' id='word_1_14' title='bbox 504 490 537 550; x_wconf 79' lang='lat' dir='ltr'><strong>a,</strong></span> <span class='ocrx_word' id='word_1_15' title='bbox 562 471 719 554; x_wconf 82' lang='lat' dir='ltr'><strong>aliudque</strong></span> <span class='ocrx_word' id='word_1_16' title='bbox 731 472 817 536; x_wconf 89' lang='lat' dir='ltr'><strong>inter</strong></span> <span class='ocrx_word' id='word_1_17' title='bbox 830 468 980 536; x_wconf 78' lang='lat' dir='ltr'><strong>Umbros</strong></span> <span class='ocrx_word' id='word_1_18' title='bbox 994 470 1085 537; x_wconf 85' lang='lat' dir='ltr'><strong>eirca</strong></span> <span class='ocrx_word' id='word_1_19' title='bbox 1097 469 1169 539; x_wconf 76' lang='lat' dir='ltr'><strong>Au·</strong></span> 
     </span>
     <span class='ocr_line' id='line_1_3' title="bbox 51 568 1170 658; baseline -0.006 -17"><span class='ocrx_word' id='word_1_20' title='bbox 51 592 195 653; x_wconf 67' lang='lat' dir='ltr'><strong>mnam,</strong></span> <span class='ocrx_word' id='word_1_21' title='bbox 208 576 248 637; x_wconf 84' lang='lat' dir='ltr'><strong>ut</strong></span> <span class='ocrx_word' id='word_1_22' title='bbox 261 572 388 658; x_wconf 81' lang='lat' dir='ltr'><strong>Scylax</strong></span> <span class='ocrx_word' id='word_1_23' title='bbox 400 580 510 638; x_wconf 74' lang='lat' dir='ltr'><strong>murat</strong></span> <span class='ocrx_word' id='word_1_24' title='bbox 522 574 560 637; x_wconf 89' lang='lat' dir='ltr'><strong>in&#39;</strong></span> <span class='ocrx_word' id='word_1_25' title='bbox 572 572 709 656; x_wconf 86' lang='lat' dir='ltr'><strong>Periplo</strong></span> <span class='ocrx_word' id='word_1_26' title='bbox 723 592 757 654; x_wconf 92' lang='lat' dir='ltr'><strong>p.</strong></span> <span class='ocrx_word' id='word_1_27' title='bbox 771 572 814 652; x_wconf 79' lang='lat'><strong>63</strong></span> <span class='ocrx_word' id='word_1_28' title='bbox 838 570 928 655; x_wconf 88' lang='lat' dir='ltr'><strong>apud</strong></span> <span class='ocrx_word' id='word_1_29' title='bbox 946 568 1033 636; x_wconf 87' lang='lat' dir='ltr'><strong>Plin.</strong></span> <span class='ocrx_word' id='word_1_30' title='bbox 1051 588 1110 649; x_wconf 86' lang='lat'>111,</span> <span class='ocrx_word' id='word_1_31' title='bbox 1121 572 1170 641; x_wconf 57' lang='grc' dir='ltr'><strong>Ἄ)</strong></span> 
     </span>
     <span class='ocr_line' id='line_1_4' title="bbox 47 668 1299 758; baseline -0.002 -16"><span class='ocrx_word' id='word_1_32' title='bbox 47 675 143 743; x_wconf 61' lang='lat' dir='ltr'><strong>tha</strong></span> <span class='ocrx_word' id='word_1_33' title='bbox 157 675 275 758; x_wconf 84' lang='lat' dir='ltr'><strong>Spina,</strong></span> <span class='ocrx_word' id='word_1_34' title='bbox 290 675 334 738; x_wconf 86' lang='lat' dir='ltr'><strong>ad</strong></span> <span class='ocrx_word' id='word_1_35' title='bbox 348 676 467 738; x_wconf 87' lang='lat' dir='ltr'><strong>ostium</strong></span> <span class='ocrx_word' id='word_1_36' title='bbox 482 673 571 736; x_wconf 88' lang='lat' dir='ltr'><strong>Padi</strong></span> <span class='ocrx_word' id='word_1_37' title='bbox 586 673 803 756; x_wconf 70' lang='lat' dir='ltr'>Spineticum,</span> <span class='ocrx_word' id='word_1_38' title='bbox 829 669 956 736; x_wconf 81' lang='lat' dir='ltr'><strong>condito</strong></span> <span class='ocrx_word' id='word_1_39' title='bbox 969 693 990 735; x_wconf 87' lang='lat' dir='ltr'><strong>u</strong></span> <span class='ocrx_word' id='word_1_40' title='bbox 1006 668 1171 740; x_wconf 70' lang='lat' dir='ltr'><strong>Diomedes</strong></span> <span class='ocrx_word' id='word_1_41' title='bbox 1293 742 1299 751; x_wconf 76' lang='grc'>,</span> 
     </span>
     <span class='ocr_line' id='line_1_5' title="bbox 51 773 1169 859; baseline -0.003 -20"><span class='ocrx_word' id='word_1_42' title='bbox 51 773 164 843; x_wconf 60' lang='grc' dir='ltr'><strong>Μία</strong></span> <span class='ocrx_word' id='word_1_43' title='bbox 192 775 235 839; x_wconf 91' lang='lat' dir='ltr'><strong>de</strong></span> <span class='ocrx_word' id='word_1_44' title='bbox 264 774 428 838; x_wconf 75' lang='lat' dir='ltr'><strong>Diomede</strong></span> <span class='ocrx_word' id='word_1_45' title='bbox 452 775 655 847; x_wconf 68' lang='lat' dir='ltr'><strong>narrationes</strong></span> <span class='ocrx_word' id='word_1_46' title='bbox 677 794 712 838; x_wconf 85' lang='lat' dir='ltr'><strong>v.</strong></span> <span class='ocrx_word' id='word_1_47' title='bbox 740 793 798 858; x_wconf 90' lang='lat' dir='ltr'><strong>ap.</strong></span> <span class='ocrx_word' id='word_1_48' title='bbox 825 773 934 839; x_wconf 85' lang='lat' dir='ltr'><strong>Strab.</strong></span> <span class='ocrx_word' id='word_1_49' title='bbox 957 791 1008 852; x_wconf 91' lang='lat' dir='ltr'><strong>v1,</strong></span> <span class='ocrx_word' id='word_1_50' title='bbox 1031 796 1068 859; x_wconf 88' lang='lat' dir='ltr'><strong>p.</strong></span> <span class='ocrx_word' id='word_1_51' title='bbox 1090 776 1169 845; x_wconf 78' lang='grc'><strong>436,</strong></span> 
     </span>
     <span class='ocr_line' id='line_1_6' title="bbox 58 873 1170 958; baseline 0.002 -17"><span class='ocrx_word' id='word_1_52' title='bbox 58 873 138 942; x_wconf 70' lang='lat' dir='ltr'><strong>vix</strong></span> <span class='ocrx_word' id='word_1_53' title='bbox 158 875 288 942; x_wconf 81' lang='lat' dir='ltr'><strong>videtur</strong></span> <span class='ocrx_word' id='word_1_54' title='bbox 309 878 344 940; x_wconf 90' lang='lat' dir='ltr'><strong>in</strong></span> <span class='ocrx_word' id='word_1_55' title='bbox 365 877 417 938; x_wconf 88' lang='lat' dir='ltr'><strong>his</strong></span> <span class='ocrx_word' id='word_1_56' title='bbox 432 873 514 939; x_wconf 89' lang='lat' dir='ltr'><strong>fides</strong></span> <span class='ocrx_word' id='word_1_57' title='bbox 539 874 671 940; x_wconf 86' lang='lat' dir='ltr'><strong>Graecis</strong></span> <span class='ocrx_word' id='word_1_58' title='bbox 692 893 767 939; x_wconf 87' lang='lat' dir='ltr'><strong>esse</strong></span> <span class='ocrx_word' id='word_1_59' title='bbox 787 875 960 940; x_wconf 87' lang='lat' dir='ltr'><strong>habenda:</strong></span> <span class='ocrx_word' id='word_1_60' title='bbox 997 875 1069 958; x_wconf 88' lang='lat' dir='ltr'><strong>qui,</strong></span> <span class='ocrx_word' id='word_1_61' title='bbox 1092 895 1170 943; x_wconf 86' lang='lat' dir='ltr'><strong>cum</strong></span> 
     </span>
     <span class='ocr_line' id='line_1_7' title="bbox 56 975 1170 1060; baseline 0.002 -15"><span class='ocrx_word' id='word_1_62' title='bbox 56 975 198 1045; x_wconf 59' lang='lat' dir='ltr'><strong>hom</strong></span> <span class='ocrx_word' id='word_1_63' title='bbox 211 978 388 1060; x_wconf 81' lang='lat' dir='ltr'><strong>indigetem</strong></span> <span class='ocrx_word' id='word_1_64' title='bbox 407 978 442 1041; x_wconf 90' lang='lat' dir='ltr'><strong>in</strong></span> <span class='ocrx_word' id='word_1_65' title='bbox 465 979 508 1042; x_wconf 89' lang='lat' dir='ltr'><strong>iis</strong></span> <span class='ocrx_word' id='word_1_66' title='bbox 530 979 617 1043; x_wconf 91' lang='lat' dir='ltr'><strong>locis</strong></span> <span class='ocrx_word' id='word_1_67' title='bbox 640 977 707 1041; x_wconf 92' lang='lat' dir='ltr'><strong>coli</strong></span> <span class='ocrx_word' id='word_1_68' title='bbox 730 997 775 1041; x_wconf 88' lang='lat' dir='ltr'><strong>au</strong></span> <span class='ocrx_word' id='word_1_69' title='bbox 801 976 820 991; x_wconf 74' lang='lat'><strong>&#39;¹</strong></span> <span class='ocrx_word' id='word_1_70' title='bbox 841 983 925 1054; x_wconf 89' lang='lat' dir='ltr'><strong>sent,</strong></span> <span class='ocrx_word' id='word_1_71' title='bbox 944 976 1057 1042; x_wconf 76' lang='lat' dir='ltr'><strong>forsan</strong></span> <span class='ocrx_word' id='word_1_72' title='bbox 1077 997 1170 1047; x_wconf 80' lang='lat' dir='ltr'><strong>more</strong></span> 
     </span>
     <span class='ocr_line' id='line_1_8' title="bbox 55 1078 1169 1162; baseline 0.001 -16"><span class='ocrx_word' id='word_1_73' title='bbox 55 1092 126 1147; x_wconf 69' lang='lat' dir='ltr'><strong>no</strong></span> <span class='ocrx_word' id='word_1_74' title='bbox 139 1079 336 1145; x_wconf 75' lang='lat' dir='ltr'><strong>Diomedem</strong></span> <span class='ocrx_word' id='word_1_75' title='bbox 350 1100 426 1144; x_wconf 88' lang='lat' dir='ltr'><strong>eum</strong></span> <span class='ocrx_word' id='word_1_76' title='bbox 440 1081 643 1162; x_wconf 87' lang='lat' dir='ltr'><strong>interpretati</strong></span> <span class='ocrx_word' id='word_1_77' title='bbox 658 1085 745 1144; x_wconf 87' lang='lat' dir='ltr'><strong>sunt.</strong></span> <span class='ocrx_word' id='word_1_78' title='bbox 824 1097 914 1142; x_wconf 89' lang='lat' dir='ltr'><strong>erum</strong></span> <span class='ocrx_word' id='word_1_79' title='bbox 927 1098 950 1144; x_wconf 88' lang='lat' dir='ltr'><strong>a</strong></span> <span class='ocrx_word' id='word_1_80' title='bbox 961 1099 1016 1142; x_wconf 89' lang='lat' dir='ltr'><strong>me</strong></span> <span class='ocrx_word' id='word_1_81' title='bbox 1030 1078 1105 1145; x_wconf 79' lang='lat' dir='ltr'><strong>haec</strong></span> <span class='ocrx_word' id='word_1_82' title='bbox 1126 1100 1169 1147; x_wconf 87' lang='lat' dir='ltr'><strong>eo</strong></span> 
     </span>
     <span class='ocr_line' id='line_1_9' title="bbox 54 1179 1169 1262; baseline 0.001 -15"><span class='ocrx_word' id='word_1_83' title='bbox 54 1198 152 1247; x_wconf 78' lang='lat' dir='ltr'><strong>mue</strong></span> <span class='ocrx_word' id='word_1_84' title='bbox 163 1186 468 1258; x_wconf 87' lang='lat' dir='ltr'><strong>commemorantur,</strong></span> <span class='ocrx_word' id='word_1_85' title='bbox 482 1187 521 1245; x_wconf 91' lang='lat' dir='ltr'><strong>ut</strong></span> <span class='ocrx_word' id='word_1_86' title='bbox 534 1179 744 1262; x_wconf 80' lang='lat' dir='ltr'><strong>intelligatur,</strong></span> <span class='ocrx_word' id='word_1_87' title='bbox 759 1180 908 1245; x_wconf 83' lang='lat' dir='ltr'><strong>fabulam</strong></span> <span class='ocrx_word' id='word_1_88' title='bbox 927 1180 970 1245; x_wconf 90' lang='lat' dir='ltr'><strong>de</strong></span> <span class='ocrx_word' id='word_1_89' title='bbox 992 1180 1169 1249; x_wconf 81' lang='lat' dir='ltr'><strong>Diomedis</strong></span> 
     </span>
     <span class='ocr_line' id='line_1_10' title="bbox 55 1272 1169 1367; baseline 0 -19"><span class='ocrx_word' id='word_1_90' title='bbox 55 1282 97 1349; x_wconf 80' lang='lat' dir='ltr'><strong>iu</strong></span> <span class='ocrx_word' id='word_1_91' title='bbox 110 1281 212 1347; x_wconf 86' lang='lat' dir='ltr'><strong>Italia</strong></span> <span class='ocrx_word' id='word_1_92' title='bbox 232 1282 366 1346; x_wconf 84' lang='lat' dir='ltr'><strong>sedibus</strong></span> <span class='ocrx_word' id='word_1_93' title='bbox 377 1272 483 1346; x_wconf 57' lang='lat' dir='ltr'><strong>&#39;fuisse</strong></span> <span class='ocrx_word' id='word_1_94' title='bbox 496 1283 580 1346; x_wconf 86' lang='lat' dir='ltr'><strong>satis</strong></span> <span class='ocrx_word' id='word_1_95' title='bbox 592 1283 739 1347; x_wconf 89' lang='lat' dir='ltr'><strong>nobilem</strong></span> <span class='ocrx_word' id='word_1_96' title='bbox 758 1284 844 1348; x_wconf 86' lang='lat' dir='ltr'><strong>inter</strong></span> <span class='ocrx_word' id='word_1_97' title='bbox 856 1287 995 1361; x_wconf 70' lang='lat' dir='ltr'><strong>veteres,</strong></span> <span class='ocrx_word' id='word_1_98' title='bbox 1008 1289 1046 1348; x_wconf 86' lang='lat' dir='ltr'><strong>ut</strong></span> <span class='ocrx_word' id='word_1_99' title='bbox 1064 1281 1169 1367; x_wconf 67' lang='lat' dir='ltr'><strong>poeta</strong></span> 
     </span>
     <span class='ocr_line' id='line_1_11' title="bbox 58 1384 1167 1468; baseline 0.003 -20"><span class='ocrx_word' id='word_1_100' title='bbox 58 1400 104 1449; x_wconf 79' lang='lat' dir='ltr'><strong>aa</strong></span> <span class='ocrx_word' id='word_1_101' title='bbox 116 1384 167 1448; x_wconf 86' lang='lat' dir='ltr'><strong>uti</strong></span> <span class='ocrx_word' id='word_1_102' title='bbox 180 1384 342 1466; x_wconf 85' lang='lat' dir='ltr'><strong>potuerit3</strong></span> <span class='ocrx_word' id='word_1_103' title='bbox 365 1400 464 1448; x_wconf 88' lang='lat' dir='ltr'><strong>usum</strong></span> <span class='ocrx_word' id='word_1_104' title='bbox 474 1390 584 1448; x_wconf 87' lang='lat' dir='ltr'><strong>autern</strong></span> <span class='ocrx_word' id='word_1_105' title='bbox 599 1403 672 1448; x_wconf 90' lang='lat' dir='ltr'><strong>esse</strong></span> <span class='ocrx_word' id='word_1_106' title='bbox 688 1403 730 1448; x_wconf 84' lang='lat' dir='ltr'><strong>ea</strong></span> <span class='ocrx_word' id='word_1_107' title='bbox 743 1384 878 1468; x_wconf 68' lang='lat' dir='ltr'><strong>poetam</strong></span> <span class='ocrx_word' id='word_1_108' title='bbox 891 1384 934 1450; x_wconf 89' lang='lat' dir='ltr'><strong>ad</strong></span> <span class='ocrx_word' id='word_1_109' title='bbox 948 1386 1167 1451; x_wconf 72' lang='lat' dir='ltr'><strong>narrationem</strong></span> 
     </span>
     <span class='ocr_line' id='line_1_12' title="bbox 56 1483 1161 1553; baseline -0.003 0"><span class='ocrx_word' id='word_1_110' title='bbox 56 1483 495 1553; x_wconf 70' lang='lat' dir='ltr'><strong>vemendametornandam</strong></span> <span class='ocrx_word' id='word_1_111' title='bbox 509 1484 769 1551; x_wconf 85' lang='lat' dir='ltr'><strong>accommodate.</strong></span> <span class='ocrx_word' id='word_1_112' title='bbox 1157 1510 1161 1517; x_wconf 58' lang='grc'><em>’</em></span> 
     </span>
    </p>
   </div>
   <div class='ocr_carea' id='block_1_3' title="bbox 482 1821 763 1842">
    <p class='ocr_par' dir='ltr' id='par_1_3' title="bbox 482 1821 763 1842">
     <span class='ocr_line' id='line_1_13' title="bbox 482 1821 763 1842; baseline -0.007 -1"><span class='ocrx_word' id='word_1_113' title='bbox 482 1821 763 1842; x_wconf 54' lang='lat' dir='ltr'><strong>m*</strong></span> 
     </span>
    </p>
   </div>
   <div class='ocr_carea' id='block_1_4' title="bbox 378 2070 850 2151">
    <p class='ocr_par' dir='ltr' id='par_1_4' title="bbox 378 2070 850 2151">
     <span class='ocr_line' id='line_1_14' title="bbox 378 2070 850 2151; baseline -0.008 0"><span class='ocrx_word' id='word_1_114' title='bbox 378 2070 752 2151; x_wconf 78' lang='lat' dir='ltr'>EXCURSUS</span> <span class='ocrx_word' id='word_1_115' title='bbox 792 2073 850 2147; x_wconf 86' lang='grc' dir='ltr'><strong>ΙΙ.</strong></span> 
     </span>
    </p>
   </div>
   <div class='ocr_carea' id='block_1_5' title="bbox 494 2288 732 2380">
    <p class='ocr_par' dir='ltr' id='par_1_5' title="bbox 494 2288 732 2380">
     <span class='ocr_line' id='line_1_15' title="bbox 494 2288 732 2380; baseline -0.008 0"><span class='ocrx_word' id='word_1_116' title='bbox 494 2328 546 2380; x_wconf 84' lang='lat' dir='ltr'><strong>nn</strong></span> <span class='ocrx_word' id='word_1_117' title='bbox 562 2288 732 2380; x_wconf 61' lang='lat' dir='ltr'><strong>cuurmuss</strong></span> 
     </span>
    </p>
   </div>
   <div class='ocr_carea' id='block_1_6' title="bbox 53 2485 1164 4296">
    <p class='ocr_par' dir='ltr' id='par_1_6' title="bbox 53 2485 1164 4200">
     <span class='ocr_line' id='line_1_16' title="bbox 103 2485 1164 2579; baseline 0.005 -25"><span class='ocrx_word' id='word_1_118' title='bbox 103 2505 161 2568; x_wconf 81' lang='lat' dir='ltr'><strong>xl,</strong></span> <span class='ocrx_word' id='word_1_119' title='bbox 176 2489 243 2557; x_wconf 75' lang='lat'><strong>532</strong></span> <span class='ocrx_word' id='word_1_120' title='bbox 256 2505 331 2575; x_wconf 84' lang='lat' dir='ltr'><strong>sqq·</strong></span> <span class='ocrx_word' id='word_1_121' title='bbox 346 2493 412 2559; x_wconf 74' lang='grc'><strong>639</strong></span> <span class='ocrx_word' id='word_1_122' title='bbox 425 2512 499 2579; x_wconf 80' lang='lat' dir='ltr'><strong>sqq.</strong></span> <span class='ocrx_word' id='word_1_123' title='bbox 520 2499 530 2528; x_wconf 90' lang='lat'>‘</span> <span class='ocrx_word' id='word_1_124' title='bbox 547 2495 671 2558; x_wconf 88' lang='lat' dir='ltr'><strong>Pulsus</strong></span> <span class='ocrx_word' id='word_1_125' title='bbox 685 2495 728 2557; x_wconf 91' lang='lat' dir='ltr'><strong>ob</strong></span> <span class='ocrx_word' id='word_1_126' title='bbox 740 2485 923 2558; x_wconf 69' lang='lat' dir='ltr'><strong>mudum?</strong></span> <span class='ocrx_word' id='word_1_127' title='bbox 966 2490 1164 2575; x_wconf 89' lang='lat' dir='ltr'><strong>Episodium</strong></span> 
     </span>
     <span class='ocr_line' id='line_1_17' title="bbox 54 2588 1163 2679; baseline 0.004 -23"><span class='ocrx_word' id='word_1_128' title='bbox 54 2588 123 2656; x_wconf 80' lang='lat' dir='ltr'><strong>hoc</strong></span> <span class='ocrx_word' id='word_1_129' title='bbox 144 2589 248 2674; x_wconf 67' lang='lat' dir='ltr'><strong>poeta</strong></span> <span class='ocrx_word' id='word_1_130' title='bbox 271 2612 316 2656; x_wconf 84' lang='lat' dir='ltr'><strong>ex</strong></span> <span class='ocrx_word' id='word_1_131' title='bbox 341 2596 486 2679; x_wconf 81' lang='lat' dir='ltr'><strong>antiquis</strong></span> <span class='ocrx_word' id='word_1_132' title='bbox 510 2594 671 2659; x_wconf 88' lang='lat' dir='ltr'><strong>Italomm</strong></span> <span class='ocrx_word' id='word_1_133' title='bbox 693 2593 838 2658; x_wconf 89' lang='lat' dir='ltr'><strong>historiis</strong></span> <span class='ocrx_word' id='word_1_134' title='bbox 862 2612 922 2659; x_wconf 88' lang='lat' dir='ltr'><strong>seu</strong></span> <span class='ocrx_word' id='word_1_135' title='bbox 946 2593 1068 2658; x_wconf 81' lang='lat' dir='ltr'><strong>tabulis</strong></span> <span class='ocrx_word' id='word_1_136' title='bbox 1083 2615 1163 2660; x_wconf 92' lang='lat' dir='ltr'><strong>con-</strong></span> 
     </span>
     <span class='ocr_line' id='line_1_18' title="bbox 55 2685 1163 2779; baseline 0.006 -23"><span class='ocrx_word' id='word_1_137' title='bbox 55 2692 213 2757; x_wconf 80' lang='lat' dir='ltr'><strong>texuisse.</strong></span> <span class='ocrx_word' id='word_1_138' title='bbox 221 2695 388 2777; x_wconf 86' lang='lat' dir='ltr'><strong>putandus</strong></span> <span class='ocrx_word' id='word_1_139' title='bbox 402 2702 463 2761; x_wconf 87' lang='lat' dir='ltr'><strong>est.</strong></span> <span class='ocrx_word' id='word_1_140' title='bbox 517 2690 573 2761; x_wconf 79' lang='lat' dir='ltr'><strong>Ex</strong></span> <span class='ocrx_word' id='word_1_141' title='bbox 594 2696 713 2761; x_wconf 79' lang='lat' dir='ltr'><strong>Servio</strong></span> <span class='ocrx_word' id='word_1_142' title='bbox 727 2694 771 2759; x_wconf 90' lang='lat' dir='ltr'><strong>ad</strong></span> <span class='ocrx_word' id='word_1_143' title='bbox 785 2716 817 2759; x_wconf 82' lang='lat' dir='ltr'><strong>v.</strong></span> <span class='ocrx_word' id='word_1_144' title='bbox 831 2695 897 2760; x_wconf 84' lang='lat'><strong>567</strong></span> <span class='ocrx_word' id='word_1_145' title='bbox 911 2685 1023 2778; x_wconf 77' lang='lat' dir='ltr'><strong>colligi</strong></span> <span class='ocrx_word' id='word_1_146' title='bbox 1039 2702 1163 2779; x_wconf 73' lang='lat' dir='ltr'><strong>potest3</strong></span> 
     </span>
     <span class='ocr_line' id='line_1_19' title="bbox 56 2790 1163 2883; baseline 0.007 -26"><span class='ocrx_word' id='word_1_147' title='bbox 56 2790 222 2858; x_wconf 77' lang='lat' dir='ltr'><strong>Catonern</strong></span> <span class='ocrx_word' id='word_1_148' title='bbox 241 2794 315 2860; x_wconf 85' lang='lat' dir='ltr'><strong>haec</strong></span> <span class='ocrx_word' id='word_1_149' title='bbox 336 2797 438 2862; x_wconf 87' lang='lat' dir='ltr'><strong>latius</strong></span> <span class='ocrx_word' id='word_1_150' title='bbox 453 2818 527 2864; x_wconf 85' lang='lat' dir='ltr'><strong>esse</strong></span> <span class='ocrx_word' id='word_1_151' title='bbox 552 2804 764 2883; x_wconf 85' lang='lat' dir='ltr'><strong>persecutum</strong></span> <span class='ocrx_word' id='word_1_152' title='bbox 787 2798 822 2861; x_wconf 92' lang='lat' dir='ltr'><strong>in</strong></span> <span class='ocrx_word' id='word_1_153' title='bbox 848 2797 960 2882; x_wconf 83' lang='lat' dir='ltr'><strong>Origg.</strong></span> <span class='ocrx_word' id='word_1_154' title='bbox 985 2818 1064 2883; x_wconf 85' lang='lat' dir='ltr'><strong>quae</strong></span> <span class='ocrx_word' id='word_1_155' title='bbox 1084 2801 1163 2883; x_wconf 89' lang='lat' dir='ltr'><strong>ipsa</strong></span> 
     </span>
     <span class='ocr_line' id='line_1_20' title="bbox 53 2900 1161 2984; baseline 0.006 -25"><span class='ocrx_word' id='word_1_156' title='bbox 53 2911 111 2959; x_wconf 84' lang='lat' dir='ltr'><strong>res</strong></span> <span class='ocrx_word' id='word_1_157' title='bbox 125 2913 287 2960; x_wconf 86' lang='lat' dir='ltr'><strong>excusare</strong></span> <span class='ocrx_word' id='word_1_158' title='bbox 301 2906 431 2983; x_wconf 78' lang='lat' dir='ltr'><strong>poterat</strong></span> <span class='ocrx_word' id='word_1_159' title='bbox 444 2900 567 2966; x_wconf 80' lang='lat' dir='ltr'><strong>tactum</strong></span> <span class='ocrx_word' id='word_1_160' title='bbox 583 2921 644 2984; x_wconf 89' lang='lat' dir='ltr'><strong>per</strong></span> <span class='ocrx_word' id='word_1_161' title='bbox 658 2921 694 2965; x_wconf 88' lang='lat' dir='ltr'><strong>se</strong></span> <span class='ocrx_word' id='word_1_162' title='bbox 707 2905 859 2983; x_wconf 83' lang='lat' dir='ltr'><strong>portento</strong></span> <span class='ocrx_word' id='word_1_163' title='bbox 873 2900 993 2977; x_wconf 89' lang='lat' dir='ltr'><strong>simile,</strong></span> <span class='ocrx_word' id='word_1_164' title='bbox 1008 2907 1045 2965; x_wconf 91' lang='lat' dir='ltr'><strong>ut</strong></span> <span class='ocrx_word' id='word_1_165' title='bbox 1055 2900 1161 2966; x_wconf 82' lang='lat' dir='ltr'><strong>hastae</strong></span> 
     </span>
     <span class='ocr_line' id='line_1_21' title="bbox 56 2993 1162 3085; baseline 0.006 -26"><span class='ocrx_word' id='word_1_166' title='bbox 56 2993 226 3076; x_wconf 74' lang='lat' dir='ltr'><strong>alligatam</strong></span> <span class='ocrx_word' id='word_1_167' title='bbox 240 2998 398 3064; x_wconf 77' lang='lat' dir='ltr'><strong>mfautem</strong></span> <span class='ocrx_word' id='word_1_168' title='bbox 414 3007 503 3065; x_wconf 84' lang='lat' dir='ltr'><strong>trans</strong></span> <span class='ocrx_word' id='word_1_169' title='bbox 524 3020 652 3063; x_wconf 87' lang='lat' dir='ltr'><strong>amnem</strong></span> <span class='ocrx_word' id='word_1_170' title='bbox 667 3002 789 3083; x_wconf 89' lang='lat' dir='ltr'><strong>aliquis</strong></span> <span class='ocrx_word' id='word_1_171' title='bbox 802 3001 851 3064; x_wconf 85' lang='lat' dir='ltr'><strong>ita</strong></span> <span class='ocrx_word' id='word_1_172' title='bbox 864 3000 1017 3083; x_wconf 84' lang='lat' dir='ltr'><strong>trajiciat,</strong></span> <span class='ocrx_word' id='word_1_173' title='bbox 1027 3004 1066 3062; x_wconf 90' lang='lat' dir='ltr'><strong>ut</strong></span> <span class='ocrx_word' id='word_1_174' title='bbox 1078 3002 1162 3085; x_wconf 81' lang='lat' dir='ltr'><strong>ripae</strong></span> 
     </span>
     <span class='ocr_line' id='line_1_22' title="bbox 55 3093 1163 3183; baseline 0.004 -23"><span class='ocrx_word' id='word_1_175' title='bbox 55 3093 211 3162; x_wconf 70' lang='lat' dir='ltr'><strong>adversm</strong></span> <span class='ocrx_word' id='word_1_176' title='bbox 222 3098 375 3183; x_wconf 80' lang='lat' dir='ltr'><strong>infigatur</strong></span> <span class='ocrx_word' id='word_1_177' title='bbox 388 3103 496 3180; x_wconf 87' lang='lat' dir='ltr'><strong>hasta,</strong></span> <span class='ocrx_word' id='word_1_178' title='bbox 511 3103 583 3166; x_wconf 90' lang='lat' dir='ltr'><strong>sine</strong></span> <span class='ocrx_word' id='word_1_179' title='bbox 597 3101 731 3165; x_wconf 85' lang='lat' dir='ltr'><strong>infantis</strong></span> <span class='ocrx_word' id='word_1_180' title='bbox 754 3119 856 3176; x_wconf 83' lang='lat' dir='ltr'><strong>noxa,</strong></span> <span class='ocrx_word' id='word_1_181' title='bbox 880 3117 981 3182; x_wconf 90' lang='lat' dir='ltr'><strong>quam</strong></span> <span class='ocrx_word' id='word_1_182' title='bbox 1005 3118 1086 3167; x_wconf 84' lang='lat' dir='ltr'><strong>cum</strong></span> <span class='ocrx_word' id='word_1_183' title='bbox 1102 3100 1163 3164; x_wconf 86' lang='lat' dir='ltr'><strong>illa</strong></span> 
     </span>
     <span class='ocr_line' id='line_1_23' title="bbox 54 3194 1163 3288; baseline 0.006 -30"><span class='ocrx_word' id='word_1_184' title='bbox 54 3194 203 3260; x_wconf 88' lang='lat' dir='ltr'><strong>humeris</strong></span> <span class='ocrx_word' id='word_1_185' title='bbox 230 3208 288 3266; x_wconf 86' lang='lat' dir='ltr'><strong>aut</strong></span> <span class='ocrx_word' id='word_1_186' title='bbox 315 3207 406 3285; x_wconf 86' lang='lat' dir='ltr'><strong>tergo</strong></span> <span class='ocrx_word' id='word_1_187' title='bbox 434 3204 561 3288; x_wconf 80' lang='lat' dir='ltr'><strong>illigata</strong></span> <span class='ocrx_word' id='word_1_188' title='bbox 587 3209 758 3267; x_wconf 86' lang='lat' dir='ltr'><strong>transnare</strong></span> <span class='ocrx_word' id='word_1_189' title='bbox 786 3220 927 3265; x_wconf 88' lang='lat' dir='ltr'><strong>amnem</strong></span> <span class='ocrx_word' id='word_1_190' title='bbox 994 3198 1096 3276; x_wconf 83' lang='lat' dir='ltr'><strong>Quod</strong></span> <span class='ocrx_word' id='word_1_191' title='bbox 1121 3199 1163 3265; x_wconf 91' lang='lat' dir='ltr'><strong>de</strong></span> 
     </span>
     <span class='ocr_line' id='line_1_24' title="bbox 54 3293 1162 3391; baseline 0.005 -29"><span class='ocrx_word' id='word_1_192' title='bbox 54 3293 197 3381; x_wconf 80' lang='lat' dir='ltr'><strong>Pyrrho,</strong></span> <span class='ocrx_word' id='word_1_193' title='bbox 212 3299 306 3385; x_wconf 85' lang='lat' dir='ltr'><strong>Epiri</strong></span> <span class='ocrx_word' id='word_1_194' title='bbox 320 3325 406 3388; x_wconf 86' lang='lat' dir='ltr'><strong>rege,</strong></span> <span class='ocrx_word' id='word_1_195' title='bbox 420 3327 524 3391; x_wconf 92' lang='lat' dir='ltr'><strong>puero</strong></span> <span class='ocrx_word' id='word_1_196' title='bbox 546 3312 713 3370; x_wconf 87' lang='lat' dir='ltr'><strong>narratum</strong></span> <span class='ocrx_word' id='word_1_197' title='bbox 738 3305 830 3370; x_wconf 90' lang='lat' dir='ltr'><strong>aiunt</strong></span> <span class='ocrx_word' id='word_1_198' title='bbox 852 3303 969 3379; x_wconf 88' lang='lat' dir='ltr'><strong>simile,</strong></span> <span class='ocrx_word' id='word_1_199' title='bbox 991 3302 1090 3385; x_wconf 89' lang='lat' dir='ltr'><strong>plane</strong></span> <span class='ocrx_word' id='word_1_200' title='bbox 1111 3301 1162 3367; x_wconf 92' lang='lat' dir='ltr'><strong>di·</strong></span> 
     </span>
     <span class='ocr_line' id='line_1_25' title="bbox 54 3403 1162 3491; baseline 0.008 -31"><span class='ocrx_word' id='word_1_201' title='bbox 54 3415 188 3462; x_wconf 87' lang='lat' dir='ltr'><strong>versum</strong></span> <span class='ocrx_word' id='word_1_202' title='bbox 201 3409 262 3481; x_wconf 87' lang='lat' dir='ltr'><strong>est,</strong></span> <span class='ocrx_word' id='word_1_203' title='bbox 277 3406 307 3469; x_wconf 92' lang='lat' dir='ltr'><strong>si</strong></span> <span class='ocrx_word' id='word_1_204' title='bbox 329 3405 542 3472; x_wconf 88' lang='lat' dir='ltr'><strong>Plutarchum</strong></span> <span class='ocrx_word' id='word_1_205' title='bbox 564 3407 737 3491; x_wconf 84' lang='lat' dir='ltr'><strong>inspicias.</strong></span> <span class='ocrx_word' id='word_1_206' title='bbox 783 3405 943 3470; x_wconf 90' lang='lat' dir='ltr'><strong>Diversus</strong></span> <span class='ocrx_word' id='word_1_207' title='bbox 965 3408 1077 3468; x_wconf 80' lang='lat' dir='ltr'><strong>autem</strong></span> <span class='ocrx_word' id='word_1_208' title='bbox 1098 3403 1162 3469; x_wconf 89' lang='lat' dir='ltr'><strong>uti·</strong></span> 
     </span>
     <span class='ocr_line' id='line_1_26' title="bbox 55 3499 1162 3593; baseline 0.005 -31"><span class='ocrx_word' id='word_1_209' title='bbox 55 3517 122 3581; x_wconf 91' lang='lat' dir='ltr'><strong>que</strong></span> <span class='ocrx_word' id='word_1_210' title='bbox 135 3499 191 3564; x_wconf 89' lang='lat' dir='ltr'><strong>hic</strong></span> <span class='ocrx_word' id='word_1_211' title='bbox 207 3501 364 3571; x_wconf 84' lang='lat' dir='ltr'><strong>Metabus</strong></span> <span class='ocrx_word' id='word_1_212' title='bbox 379 3511 421 3575; x_wconf 85' lang='lat' dir='ltr'><strong>ab</strong></span> <span class='ocrx_word' id='word_1_213' title='bbox 436 3530 489 3587; x_wconf 88' lang='lat' dir='ltr'><strong>eo,</strong></span> <span class='ocrx_word' id='word_1_214' title='bbox 510 3510 622 3593; x_wconf 81' lang='lat' dir='ltr'><strong>quiex</strong></span> <span class='ocrx_word' id='word_1_215' title='bbox 635 3509 742 3593; x_wconf 87' lang='lat' dir='ltr'><strong>Troja</strong></span> <span class='ocrx_word' id='word_1_216' title='bbox 755 3507 859 3591; x_wconf 82' lang='lat' dir='ltr'><strong>redux</strong></span> <span class='ocrx_word' id='word_1_217' title='bbox 875 3506 1106 3589; x_wconf 88' lang='lat' dir='ltr'><strong>Metapontum</strong></span> <span class='ocrx_word' id='word_1_218' title='bbox 1127 3504 1162 3569; x_wconf 91' lang='lat' dir='ltr'><strong>in</strong></span> 
     </span>
     <span class='ocr_line' id='line_1_27' title="bbox 54 3603 1161 3691; baseline 0.007 -27"><span class='ocrx_word' id='word_1_219' title='bbox 54 3605 205 3667; x_wconf 86' lang='lat' dir='ltr'><strong>extrema</strong></span> <span class='ocrx_word' id='word_1_220' title='bbox 220 3603 320 3672; x_wconf 85' lang='lat' dir='ltr'><strong>ltalia</strong></span> <span class='ocrx_word' id='word_1_221' title='bbox 333 3605 524 3676; x_wconf 83' lang='lat' dir='ltr'><strong>condidisse</strong></span> <span class='ocrx_word' id='word_1_222' title='bbox 539 3611 709 3676; x_wconf 85' lang='lat' dir='ltr'><strong>ferebatur.</strong></span> <span class='ocrx_word' id='word_1_223' title='bbox 766 3609 814 3686; x_wconf 86' lang='lat' dir='ltr'><strong>ls,</strong></span> <span class='ocrx_word' id='word_1_224' title='bbox 835 3608 959 3691; x_wconf 89' lang='lat' dir='ltr'><strong>dequo</strong></span> <span class='ocrx_word' id='word_1_225' title='bbox 972 3607 1027 3671; x_wconf 91' lang='lat' dir='ltr'><strong>hic</strong></span> <span class='ocrx_word' id='word_1_226' title='bbox 1041 3608 1161 3689; x_wconf 84' lang='lat' dir='ltr'><strong>agitur,</strong></span> 
     </span>
     <span class='ocr_line' id='line_1_28' title="bbox 55 3700 1160 3793; baseline 0.01 -31"><span class='ocrx_word' id='word_1_227' title='bbox 55 3717 117 3763; x_wconf 85' lang='lat' dir='ltr'><strong>rex</strong></span> <span class='ocrx_word' id='word_1_228' title='bbox 141 3700 302 3784; x_wconf 89' lang='lat' dir='ltr'><strong>Priverni,</strong></span> <span class='ocrx_word' id='word_1_229' title='bbox 325 3708 416 3793; x_wconf 88' lang='lat' dir='ltr'><strong>quod</strong></span> <span class='ocrx_word' id='word_1_230' title='bbox 440 3710 645 3776; x_wconf 89' lang='lat' dir='ltr'><strong>Volscorum</strong></span> <span class='ocrx_word' id='word_1_231' title='bbox 669 3706 833 3793; x_wconf 90' lang='lat' dir='ltr'><strong>oppidum</strong></span> <span class='ocrx_word' id='word_1_232' title='bbox 856 3707 920 3771; x_wconf 80' lang='lat' dir='ltr'><strong>fuit</strong></span> <span class='ocrx_word' id='word_1_233' title='bbox 942 3711 1041 3786; x_wconf 91' lang='lat' dir='ltr'><strong>(nuuc</strong></span> <span class='ocrx_word' id='word_1_234' title='bbox 1062 3709 1160 3773; x_wconf 87' lang='lat' dir='ltr'><strong>vicus</strong></span> 
     </span>
     <span class='ocr_line' id='line_1_29' title="bbox 56 3795 1160 3896; baseline 0.002 -25"><span class='ocrx_word' id='word_1_235' title='bbox 56 3795 91 3860; x_wconf 87' lang='lat' dir='ltr'><strong><em>P</em></strong></span> <span class='ocrx_word' id='word_1_236' title='bbox 91 3798 225 3885; x_wconf 59' lang='lat' dir='ltr'><strong>sperno),</strong></span> <span class='ocrx_word' id='word_1_237' title='bbox 238 3827 296 3889; x_wconf 89' lang='lat' dir='ltr'><strong>per</strong></span> <span class='ocrx_word' id='word_1_238' title='bbox 311 3810 504 3878; x_wconf 84' lang='lat' dir='ltr'><strong>seditionem</strong></span> <span class='ocrx_word' id='word_1_239' title='bbox 518 3832 540 3878; x_wconf 87' lang='lat' dir='ltr'><strong>a</strong></span> <span class='ocrx_word' id='word_1_240' title='bbox 553 3813 624 3878; x_wconf 87' lang='lat' dir='ltr'><strong>suis</strong></span> <span class='ocrx_word' id='word_1_241' title='bbox 649 3814 778 3896; x_wconf 87' lang='lat' dir='ltr'><strong>pulsus,</strong></span> <span class='ocrx_word' id='word_1_242' title='bbox 798 3808 940 3873; x_wconf 81' lang='lat' dir='ltr'><strong>Camilla</strong></span> <span class='ocrx_word' id='word_1_243' title='bbox 953 3808 1023 3874; x_wconf 89' lang='lat' dir='ltr'><strong>lilia</strong></span> <span class='ocrx_word' id='word_1_244' title='bbox 1036 3810 1160 3874; x_wconf 82' lang='lat' dir='ltr'><strong>inserite</strong></span> 
     </span>
     <span class='ocr_line' id='line_1_30' title="bbox 56 3905 1159 3998; baseline 0.006 -31"><span class='ocrx_word' id='word_1_245' title='bbox 56 3919 170 3967; x_wconf 81' lang='lat' dir='ltr'><strong>secum</strong></span> <span class='ocrx_word' id='word_1_246' title='bbox 195 3905 305 3987; x_wconf 86' lang='lat' dir='ltr'><strong>ducta,</strong></span> <span class='ocrx_word' id='word_1_247' title='bbox 326 3909 493 3979; x_wconf 84' lang='lat' dir='ltr'><strong>Amasene</strong></span> <span class='ocrx_word' id='word_1_248' title='bbox 520 3914 671 3998; x_wconf 87' lang='lat' dir='ltr'><strong>trajecto,</strong></span> <span class='ocrx_word' id='word_1_249' title='bbox 696 3914 731 3976; x_wconf 93' lang='lat' dir='ltr'><strong>iu</strong></span> <span class='ocrx_word' id='word_1_250' title='bbox 752 3912 857 3996; x_wconf 85' lang='lat' dir='ltr'><strong>sylvis</strong></span> <span class='ocrx_word' id='word_1_251' title='bbox 878 3912 1035 3976; x_wconf 88' lang='lat' dir='ltr'><strong>educavit</strong></span> <span class='ocrx_word' id='word_1_252' title='bbox 1054 3910 1159 3973; x_wconf 87' lang='lat' dir='ltr'><strong>filiam</strong></span> 
     </span>
     <span class='ocr_line' id='line_1_31' title="bbox 56 3999 1159 4100; baseline 0.004 -30"><span class='ocrx_word' id='word_1_253' title='bbox 56 3999 181 4070; x_wconf 71' lang='lat' dir='ltr'><strong>Dianas</strong></span> <span class='ocrx_word' id='word_1_254' title='bbox 195 4017 431 4079; x_wconf 81' lang='lat' dir='ltr'><strong>consecratam.</strong></span> <span class='ocrx_word' id='word_1_255' title='bbox 485 4014 567 4080; x_wconf 89' lang='lat' dir='ltr'><strong>Non</strong></span> <span class='ocrx_word' id='word_1_256' title='bbox 580 4016 765 4100; x_wconf 87' lang='lat' dir='ltr'><strong>importuna</strong></span> <span class='ocrx_word' id='word_1_257' title='bbox 775 4018 828 4078; x_wconf 84' lang='lat' dir='ltr'><strong>eat</strong></span> <span class='ocrx_word' id='word_1_258' title='bbox 840 4013 956 4078; x_wconf 79' lang='lat' dir='ltr'><strong>fabula</strong></span> <span class='ocrx_word' id='word_1_259' title='bbox 969 4011 1012 4075; x_wconf 92' lang='lat' dir='ltr'><strong>ad</strong></span> <span class='ocrx_word' id='word_1_260' title='bbox 1026 4009 1159 4079; x_wconf 72' lang='lat' dir='ltr'><strong>uariam</strong></span> 
     </span>
     <span class='ocr_line' id='line_1_32' title="bbox 57 4098 1159 4200; baseline 0.005 -28"><span class='ocrx_word' id='word_1_261' title='bbox 57 4098 137 4167; x_wconf 71' lang='lat' dir='ltr'><strong>dam</strong></span> <span class='ocrx_word' id='word_1_262' title='bbox 148 4109 370 4176; x_wconf 76' lang='lat' dir='ltr'><strong>namationem</strong></span> <span class='ocrx_word' id='word_1_263' title='bbox 384 4112 425 4178; x_wconf 89' lang='lat' dir='ltr'><strong>de</strong></span> <span class='ocrx_word' id='word_1_264' title='bbox 439 4114 558 4181; x_wconf 87' lang='lat' dir='ltr'><strong>bellico</strong></span> <span class='ocrx_word' id='word_1_265' title='bbox 571 4120 747 4200; x_wconf 85' lang='lat' dir='ltr'><strong>apparatu,</strong></span> <span class='ocrx_word' id='word_1_266' title='bbox 770 4120 805 4180; x_wconf 85' lang='lat' dir='ltr'><strong>et</strong></span> <span class='ocrx_word' id='word_1_267' title='bbox 825 4119 914 4178; x_wconf 86' lang='lat' dir='ltr'><strong>tenet</strong></span> <span class='ocrx_word' id='word_1_268' title='bbox 933 4112 1079 4178; x_wconf 87' lang='lat' dir='ltr'><strong>animum</strong></span> <span class='ocrx_word' id='word_1_269' title='bbox 1099 4125 1159 4178; x_wconf 80' lang='lat' dir='ltr'><strong>ox·</strong></span> 
     </span>
    </p>

    <p class='ocr_par' dir='ltr' id='par_1_7' title="bbox 121 4216 1094 4296">
     <span class='ocr_line' id='line_1_33' title="bbox 121 4216 1094 4296; baseline 0.007 -23"><span class='ocrx_word' id='word_1_270' title='bbox 121 4216 210 4285; x_wconf 56' lang='lat' dir='ltr'><strong>Delfi.</strong></span> <span class='ocrx_word' id='word_1_271' title='bbox 220 4227 244 4272; x_wconf 82' lang='lat' dir='ltr'><strong>et</strong></span> <span class='ocrx_word' id='word_1_272' title='bbox 258 4224 317 4276; x_wconf 76' lang='lat' dir='ltr'><strong>Ver.</strong></span> <span class='ocrx_word' id='word_1_273' title='bbox 329 4227 393 4279; x_wconf 76' lang='lat' dir='ltr'><strong>Clu.</strong></span> <span class='ocrx_word' id='word_1_274' title='bbox 572 4232 645 4296; x_wconf 73' lang='lat' dir='ltr'><strong>virg.</strong></span> <span class='ocrx_word' id='word_1_275' title='bbox 1019 4230 1053 4279; x_wconf 74' lang='lat'><strong>12</strong></span> <span class='ocrx_word' id='word_1_276' title='bbox 1067 4227 1094 4280; x_wconf 79' lang='lat' dir='ltr'>X</span> 
     </span>
    </p>
   </div>
   <div class='ocr_carea' id='block_1_7' title="bbox 0 0 1336 4686">
    <p class='ocr_par' dir='ltr' id='par_1_8' title="bbox 0 0 1336 4686">
     <span class='ocr_line' id='line_1_34' title="bbox 0 0 1336 4686; baseline 0 0"><span class='ocrx_word' id='word_1_277' title='bbox 0 0 1336 4686; x_wconf 95' lang='lat' dir='ltr'><strong> </strong></span> 
     </span>
    </p>
   </div>
  </div>
 </body>
</html>
