2664 4686
451 90 501 162 nu
524 108 735 165 croacrcou
764 94 837 167 nris.
861 120 886 167 r.
1132 103 1221 170 3975

117 253 198 319 illud
222 249 598 324 non'commemoratum
620 266 680 337 est,
701 280 761 344 pro
785 267 976 345 argumento
1001 263 1121 328 idoneo
1145 244 1219 330 esse

115 358 244 438 nequit:
269 376 344 420 curn
363 363 477 422 neuter
490 360 525 422 id
546 367 634 443 amit,
661 367 697 425 ut
718 364 1001 427 instrumentorum
1024 367 1220 433 rusticorum

115 457 253 521 formam
278 459 411 547 curiose
431 459 608 526 describat.
654 462 725 526 Fac
740 483 819 528 vero
842 469 1014 547 utrumque
1039 466 1074 528 id
1097 469 1218 550 egisse,

115 558 204 639 quod
220 579 286 623 non
301 561 382 642 egit:
406 563 513 642 potuit
528 563 706 651 secundum
721 564 806 640 illoc,
822 564 955 645 Virgilii
971 570 1080 642 aetate,
1096 569 1128 630 in
1139 589 1219 651 agro

115 658 313 738 Mantuano,
344 661 436 724 aliud
463 682 527 725 usu
558 664 685 728 haberi.
751 666 925 730 Iunotuero
958 672 1037 750 post
1070 688 1164 733 arma
1198 689 1220 733 a

113 759 208 825 Julio
223 760 359 825 Caesare
382 765 416 826 in
430 760 559 835 Gallias
580 766 675 830 illata
695 768 763 831 alia
786 788 915 850 quoque
940 788 961 832 a
983 769 1094 833 Gallis
1107 771 1218 834 inven-

114 870 166 941 tu3
188 869 226 926 ut
246 869 335 927 certa
357 865 580 929 vehiculorum
597 886 724 948 genera,
741 888 888 933 carrucae
904 871 999 933 etsie
1015 888 1130 952 porr03
1153 870 1218 934 coli

115 965 219 1046 coepit
231 964 266 1026 in
280 961 426 1046 Alpibus
440 966 548 1029 secale
561 965 667 1049 (Plln.
686 984 798 1044 xvrrr,
814 965 923 1052 1⁶›.4)
946 967 1110 1033 Romanis
1126 971 1217 1052 igno·

112 1071 193 1130 turn.
247 1063 432 1128 Occurnrnt
459 1066 528 1129 alia
555 1068 589 1130 in
614 1067 760 1150 Virgilio
789 1069 898 1133 Italiae
925 1068 1101 1152 superioris
1129 1069 1217 1153 agris

110 1169 302 1248 propriaue
317 1167 506 1248 singularia.
553 1167 654 1231 Plinii
669 1170 769 1232 verba
783 1170 841 1234 lib.
858 1185 971 1246 xvrrr,
987 1170 1031 1234 48
1046 1188 1068 1232 a
1081 1189 1134 1233 me
1148 1170 1218 1234 lau·

111 1265 193 1330 data
201 1286 332 1330 ornnem
341 1266 439 1330 facile
453 1267 690 1335 dubitationem
702 1269 860 1346 tollerent,
872 1270 901 1331 si
914 1268 1015 1331 lectio
1029 1269 1063 1331 iu
1075 1288 1116 1332 eo
1130 1273 1219 1335 esset

111 1370 223 1431 minus
237 1369 373 1446 incerta.
418 1365 585 1444 Deiectio,
603 1370 636 1434 h.
652 1390 682 1434 e.
697 1357 840 1448 donula,
857 1368 960 1451 ἔλυμα,
976 1371 1059 1434 bene
1073 1371 1124 1434 vir
1136 1369 1217 1436 dcc-

110 1475 177 1546 tus,
194 1491 291 1554 quem
306 1470 452 1548 laudavi,
467 1472 565 1536 docet
579 1472 810 1554 accipiendum
823 1490 897 1535 esse
912 1472 955 1535 de
969 1473 1110 1536 vomeris
1123 1479 1218 1555 parte

111 1573 274 1635 anteriore
286 1577 308 1646 (
308 1567 487 1657 Pfluglcops
480 1583 509 1651 ),
534 1574 567 1651 in
590 1592 727 1637 acumen
748 1579 838 1638 acta:
861 1574 923 1638 hoc
949 1573 1076 1637 dentale
1098 1569 1217 1656 duplici

110 1669 300 1747 essedario,
314 1671 348 1737 h.
362 1693 394 1736 e.
407 1673 495 1735 binis
511 1673 659 1735 cruribus
672 1675 708 1736 in
722 1673 859 1755 sormam
871 1675 988 1740 litterae
1004 1671 1038 1738 V
1050 1669 1215 1751 (satellte-

113 1768 206 1846 ειη)
221 1777 389 1856 aptatum3
411 1771 500 1835 binos
525 1792 614 1834 cures
637 1772 783 1851 tandem,
807 1775 945 1860 tabellas
971 1794 993 1837 a
1012 1772 1163 1838 Varrone
1183 1769 1216 1851 ’1,

110 1871 205 1949 29,2
227 1880 434 1951 memoratas,
448 1874 571 1937 vomeri
593 1871 724 1937 additas
749 1872 826 1944 (dus
841 1866 1032 1938 ‘Sereictbret
1048 1872 1113 1936 und
1127 1870 1215 1936 Mol·

113 1971 259 2051 terirret),
275 1980 316 2039 et·
330 1976 460 2058 utrique
477 1975 564 2038 cruri
579 1974 628 2038 ita
640 1968 818 2057 impactas,
833 1981 870 2038 ut
883 1975 1048 2056 impresso
1062 1975 1096 2036 in
1109 1973 1217 2038 solnm

113 2077 243 2138 verneio
261 2080 347 2140 terra
363 2077 531 2158 proscissa
544 2075 710 2156 utrimque
730 2073 938 2139 accumulata
951 2075 986 2137 in
998 2073 1107 2148 sulcos
1120 2075 1217 2140 attcl·

112 2176 209 2240 latur.
257 2166 355 2239 Buris
385 2182 436 2241 est
463 2183 564 2254 temo,
595 2173 756 2255 ῖστοβοεῦςε
779 2175 853 2241 scil.
879 2176 1009 2261 proprie
1036 2176 1116 2259 pars
1141 2176 1216 2261 ejus

111 2275 236 2354 infima,
251 2286 289 2342 ut
297 2281 369 2363 jam
383 2279 528 2344 Salmas.
543 2279 577 2342 in
592 2277 697 2343 Solin.
714 2299 749 2362 p.
765 2280 831 2344 576
843 2277 968 2343 docuit.
1001 2276 1217 2361 Inspicie'nda

112 2384 143 2442 et
155 2380 385 2463 cognoscenda
397 2384 476 2444 sunt
488 2381 634 2461 reliqua3
656 2381 757 2443 etiam
771 2376 811 2442 de
826 2384 933 2443 aranu
949 2376 1136 2459 Hesiodeo3
1149 2379 1215 2444 nisi
1245 2425 1253 2435 ,

112 2480 203 2561 qnod
227 2481 339 2545 malim
361 2502 436 2546 eum
459 2477 654 2564 simpliciter
678 2481 889 2562 apposuisse,
913 2480 1042 2562 qualem
1064 2479 1136 2563 ejus
1149 2479 1214 2544 ior·

109 2599 199 2643 marn
223 2601 264 2644 ac
289 2584 433 2664 speciem
454 2580 544 2664 apud
569 2581 712 2643 animmn
735 2579 909 2662 effingeret,
923 2600 986 2643 nec
1010 2580 1052 2642 de
1077 2580 1214 2663 epochis

112 2682 328 2746 mutationum
342 2684 424 2746 inter
434 2682 626 2765 AEgyptios,
638 2681 790 2756 Grecos,
802 2689 834 2744 et
850 2681 1022 2745 Romanos
1032 2687 1100 2744 tam
1111 2679 1216 2744 multa

111 2802 184 2847 esse
199 2783 383 2867 ariolatum,
398 2804 474 2866 quae
489 2783 530 2846 ad
549 2776 712 2866 liquidum
735 2782 871 2865 perduci
893 2787 1068 2864 nequeunt.
1113 2777 1215 2857 Quod

111 2885 196 2948 enim
211 2891 323 2947 nostro
342 2890 488 2967 tempore
510 2884 579 2947 fieri
603 2882 765 2960 videmuS,
781 2902 845 2945 non
867 2883 976 2945 minus
1003 2881 1081 2945 olim
1103 2880 1213 2944 locum

111 2986 235 3064 habuit,
249 2992 285 3049 ut
300 2987 333 3049 in
347 2985 485 3050 diversis
498 2986 635 3070 populis
650 3005 691 3048 ac
711 2985 908 3065 regionibus,
924 3004 983 3047 seu
999 3001 1089 3046 more
1109 2982 1213 3066 majo·

112 3107 182 3152 rum
196 3107 254 3152 seu
269 3088 330 3152 soli
343 3095 463 3154 natura
482 3089 591 3152 aliave
605 3087 803 3151 necessitate
823 3091 963 3168 urgente,
979 3084 1113 3148 diversa
1125 3089 1214 3147 esset

112 3191 209 3254 aratu
232 3191 346 3267 forma,
362 3192 614 3272 retinereturque
638 3189 780 3254 deterior
794 3189 906 3251 multis
926 3189 959 3250 in
977 3187 1073 3265 locis,
1089 3207 1164 3251 cum
1179 3188 1217 3253 in
1312 3212 1317 3218 ¹

111 3291 184 3356 alite
198 3291 325 3354 dudum
336 3292 470 3355 iuventa
484 3297 517 3354 et
542 3291 745 3371 frequentata
764 3295 853 3352 esset
874 3289 988 3352 melior
1011 3294 1043 3351 et
1065 3289 1213 3353 elabora·

112 3394 182 3457 tior.
205 3392 358 3469 Evolvat,
374 3393 429 3457 cui
442 3393 522 3455 talia
537 3413 624 3456 curae
642 3395 727 3467 sunt,
743 3389 898 3454 Paullum
914 3389 1039 3453 Lucam
1053 3387 1212 3473 Voyagcs

111 3491 207 3559 Tem.
225 3511 300 3576 1,p.
316 3495 391 3559 182.
438 3492 574 3556 Norden
588 3493 727 3577 Voyage
741 3513 781 3555 en
797 3491 926 3575 Egypte
944 3489 1040 3555 Tom.
1056 3507 1080 3568 ι,
1096 3490 1142 3572 pl.
1157 3488 1211 3555 56.

112 3593 199 3662 Auo.
216 3595 349 3677 Goguet
363 3593 455 3676 Orig.
472 3595 531 3657 des
547 3595 633 3659 Loix
648 3593 689 3659 Τ.
701 3613 726 3672 1,
742 3616 777 3678 p.
791 3595 856 3658 184
870 3614 946 3678 sqq.
974 3593 1057 3658 Sunt
1068 3592 1212 3682 antiquie

111 3699 314 3783 ertisoperm
329 3698 498 3782 inquibus
519 3698 810 3761 aratrumvisitur:
832 3697 893 3760 vix
916 3697 1025 3760 tamen
1048 3692 1212 3756 notionem

110 3807 298 3866 accuratam
319 3800 396 3864 inde
412 3800 572 3884 consequi
586 3799 680 3864 licet:
704 3799 826 3864 Comes
853 3796 895 3861 de
921 3794 1047 3877 Caylus
1071 3791 1212 3857 Recucil

109 3899 334 3986 d'Antiquites
347 3900 442 3975 Tom.
462 3919 496 3977 ν,
519 3900 565 3984 pl.
581 3901 636 3966 82.
682 3900 838 3966 Museum
863 3896 1035 3960 Etruscum
1056 3891 1155 3959 Tem.
1184 3909 1209 3972 1,
1319 3902 1325 3915 ·
