2664 4686
202 316 292 382 4130
602 322 801 373 nxcunsus
822 320 920 371 xvir.

203 481 293 566 apud
307 478 413 562 Soph.
428 476 570 541 Philoct.
585 474 651 538 796
664 477 736 536 est:
757 469 855 549 στάζει
875 472 936 557 γὰρ
956 467 993 533 αὖ
1013 492 1063 552 μοι
1087 466 1191 553 φοίνιον
1201 464 1253 532 rr'l'
1271 471 1295 530 l:

203 581 288 662 βυθοῦ
305 585 408 657 Κηκῖοι
422 577 505 659 αἷμα.
550 574 676 638 Verum
689 578 800 638 tamen
815 575 902 638 idem
915 593 949 638 V.
963 573 1030 639 844
1049 570 1148 660 Ἱδςᾶς
1159 571 1199 658 γέ
1215 574 1257 637 rel
1267 596 1298 637 ιιι

202 696 260 754 πᾶν
285 683 460 764 καταστάζει
485 680 571 763 δέμας
594 680 680 745 dixit
699 681 839 765 propius
859 678 904 744 ad
921 684 1069 743 nostrum
1082 676 1210 743 locum.
1251 678 1296 743 ln·

202 797 328 874 terpres
350 788 518 854 Plutarchi
539 791 574 849 et
595 782 765 848 Mariae.
786 783 828 846 ad
843 779 944 847 Ouid.
970 780 1112 845 Heroid.
1138 779 1185 845 Τ.
1211 797 1250 859 ιι,
1269 801 1296 865 p.

202 893 269 959 144
291 896 378 973 μιτοῡ
403 910 480 955 cum
502 886 588 974 φάρος
605 886 765 970 juugrmt:
786 904 903 969 parum
924 881 1118 961 commode;
1140 881 1297 947 hiceb'nnr

201 995 238 1061 in
264 994 443 1059 Plutarcho
464 987 612 1076 Ἀγχίσου
633 989 666 1050 τὸ
687 985 770 1074 ῥάκος
791 988 900 1050 minus
920 988 1061 1083 benejn
1083 982 1169 1060 laxa
1188 993 1298 1053 multi:

200 1118 281 1164 uam
302 1106 498 1180 opponuntur
521 1091 709 1163 oestiurerrtrr,
735 1110 801 1174 qua
826 1099 969 1150 crumulo
994 1087 1163 1166 exhalant,
1189 1097 1222 1157 et
1241 1090 1298 1156 An·

201 1201 306 1265 cbisae
322 1201 530 1262 vestimentum
546 1207 658 1259 tetrum
672 1192 793 1257 odorem
810 1190 967 1258 exhalans.
1011 1193 1140 1267 Verum
1165 1194 1248 1258 satis
1264 1193 1297 1256 de

201 1302 366 1380 hocloco,
392 1303 487 1385 cujus
511 1298 761 1362 illustrationem
784 1315 806 1359 a
827 1296 1029 1360 doctissimis
1046 1295 1236 1361 editoribus
1247 1296 1297 1361 So

200 1402 331 1486 phoclis
343 1411 376 1467 et
390 1402 560 1466 Plutarchi
580 1397 757 1483 aliquando
776 1404 1001 1481 expectamus.
1045 1396 1155 1463 Nunc
1179 1399 1297 1482 polini-

200 1526 291 1570 mnm
303 1507 383 1569 illud
398 1504 580 1580 tenendum,
605 1521 681 1566 cnm
696 1497 855 1565 Anchisae
869 1520 1044 1583 personrnn
1058 1502 1200 1565 omuino
1213 1499 1297 1584 podo

199 1610 329 1689 egregie
343 1615 482 1685 tueatur,
498 1607 622 1689 quippe
637 1604 691 1668 cui
705 1623 834 1686 semper
848 1603 906 1666 det
919 1608 1029 1686 partes
1044 1602 1213 1686 jubentis,
1225 1621 1297 1687 pru·

200 1710 366 1791 cipieutis,
382 1710 557 1785 mouentis,
569 1707 658 1791 quod
673 1708 717 1770 ad
732 1713 902 1790 parentum
917 1724 957 1769 ac
966 1724 1087 1777 senum
1101 1704 1296 1789 temporibus

200 1810 344 1874 heroicis
359 1812 587 1874 auctoritatem
601 1828 642 1872 ac
657 1811 867 1874 sanctitatem
878 1808 1037 1890 praeclare
1060 1813 1116 1872 est
1138 1825 1297 1892 compon-

199 1917 280 1989 tum,
306 1912 459 1995 inprimis
472 1918 578 1974 tamen
592 1910 623 1973 ei
638 1909 809 1973 divinandi
822 1916 854 1973 et
867 1928 943 1972 cum
956 1909 1109 1989 auguria,
1136 1910 1248 1974 ornim
1262 1926 1296 1972 rc

199 2012 339 2089 somnia,
365 2018 434 2075 tum
456 2010 590 2074 oracula
612 2010 846 2092 interpretandi
870 2010 1060 2074 facultatem
1080 2011 1186 2076 tribui
1200 2010 1296 2077 aVir·

201 2113 293 2195 gilio,
309 2112 417 2176 utlib.
437 2129 477 2188 ιι,
499 2104 564 2176 687
579 2130 653 2195 sqq.
672 2128 728 2188 ιιι,
744 2112 776 2175 9.
793 2111 869 2175 538.
887 2127 954 2188 vu,
972 2111 1038 2175 122
1051 2130 1117 2195 sq,
1138 2112 1296 2197 qnodlh·

199 2214 249 2301 nii
261 2234 328 2278 non
342 2214 441 2277 modo
456 2219 490 2276 et
505 2212 619 2277 Naevii
632 2214 829 2277 auctoritate
843 2213 936 2289 sacit,
957 2214 1017 2277 sed
1031 2212 1296 2301 Graebommfoe

198 2315 397 2396 scriptorum
411 2332 588 2377 consensu.
633 2311 732 2376 Ennii
746 2331 862 2376 versus
875 2318 963 2378 erat:
987 2312 1123 2399 ‘Atque
1142 2316 1296 2383 Anchise

199 2414 320 2491 doctu',
336 2414 454 2477 Venus
473 2434 570 2497 quem
592 2414 706 2496 polcra
730 2414 878 2477 Dearum
893 2415 971 2480 Fari
986 2417 1137 2496 donavit,
1162 2420 1294 2485 divium

197 2519 315 2599 pectus
327 2514 448 2577 habere
459 2512 478 2575 ε’
501 2513 632 2594 Fragm.
656 2534 691 2596 p.
708 2515 761 2591 ll,
784 2514 844 2578 ubi
870 2514 1033 2581 Columna
1054 2519 1172 2585 locum
1194 2521 1295 2587 Nem

198 2617 367 2698 apposuit.
403 2612 550 2693 Uterque
564 2613 702 2676 habetur
713 2616 750 2676 in
765 2613 878 2678 Probo
892 2617 935 2680 ad
951 2616 1022 2681 Ecl.
1040 2636 1092 2697 vr,
1107 2628 1145 2687 et
1159 2623 1194 2687 in
1207 2622 1296 2689 Porn-

194 2717 299 2799 ponio
314 2715 357 2777 ad
371 2714 404 2777 h.
419 2715 445 2777 l.
491 2713 601 2776 Etiam
625 2715 811 2797 Sophocles
835 2717 870 2778 in
890 2718 1079 2785 Laocoonte
1098 2722 1295 2791 AEneamin-

196 2816 339 2879 dnxerat
351 2815 384 2876 in
400 2813 497 2878 Idam
512 2814 717 2878 secedentem
731 2814 890 2882 Anchisae
906 2820 1009 2901 patris
1025 2820 1140 2903 jussu,
1159 2828 1217 2910 qui
1229 2842 1295 2911 prt-

196 2917 257 2981 tim
283 2923 494 2999 acceptorum
517 2937 538 2980 a
560 2917 689 2981 Venere
711 2918 937 2983 mandatorum
958 2941 1085 2987 mernor
1106 2924 1174 3010 (ex
1186 2928 1295 3010 quibu

196 3015 358 3099 Virgilius
381 3016 538 3082 mandata
558 3017 698 3082 Veneris
720 3018 838 3084 AEueae
853 3021 931 3085 data
944 3021 1165 3092 adumbrasse
1178 3029 1295 3095 ridetur

197 3135 238 3196 ιι,
263 3120 328 3184 619
354 3117 449 3202 sqq.)
471 3122 593 3202 partim
617 3120 811 3202 prodigium,
838 3122 927 3205 quod
946 3121 1048 3187 modo
1062 3126 1096 3187 in
1112 3125 1293 3194 houmere

195 3221 332 3304 ejusque
347 3221 425 3283 fiius
438 3221 618 3298 acciderat,
637 3223 882 3305 interpretatus,
897 3225 987 3288 urus
1002 3226 1171 3292 narrum
1185 3230 1291 3313 previ
1312 3210 1320 3225 ⁴

196 3319 295 3385 debat
318 3320 407 3401 apud
432 3318 629 3403 Dionysium
655 3340 677 3398 r,
704 3323 759 3386 48.
805 3323 946 3388 Veneris
963 3328 1062 3410 jussu
1086 3329 1231 3396 AEneam
1247 3330 1289 3395 ir·

194 3420 294 3501 gisse,
308 3422 408 3483 etiarn
423 3420 513 3503 apud
528 3420 695 3486 Cononem
709 3426 860 3489 invenias
876 3427 1011 3493 Narrat.
1034 3445 1145 3510 xnvr,
1171 3453 1246 3516 qua
1259 3436 1288 3495 et

195 3525 366 3583 monuerat
380 3522 491 3583 urbem
506 3542 546 3586 eo
559 3523 634 3588 loco
647 3526 862 3604 condendam,
883 3531 940 3593 ubi
961 3531 1083 3594 bovem
1105 3535 1174 3597 sihi
1187 3533 1284 3598 admu-

193 3620 262 3703 gire
290 3621 547 3704 deprehensurus
571 3632 676 3705 esset;
710 3635 744 3693 et
767 3649 788 3691 a
814 3629 939 3695 Venere
962 3640 1132 3699 servatum
1161 3636 1280 3700 AEneou

194 3741 269 3786 cum
293 3720 448 3802 Anchise,
471 3733 582 3790 narrat
595 3727 777 3810 Tryphiod.
794 3732 860 3794 642
875 3752 952 3796 cum
966 3731 1094 3810 Quinto
1110 3754 1198 3814 xm,
1216 3734 1274 3803 W.

193 3821 241 3888 At
267 3823 433 3889 Mercurio
456 3827 540 3891 duce
564 3830 705 3895 discedit
728 3833 855 3897 AEneas
879 3838 913 3898 iu
940 3838 1055 3903 tabula
1070 3837 1193 3918 Iliaca3
1211 3837 1272 3903 etin

192 3923 348 4009 inscript.
376 3926 517 4009 lugius»
541 3931 685 3995 Herodis
707 3955 742 3999 v.
768 3936 812 3999 Q
833 3936 910 4001 loco
932 3945 1047 4003 notato
1061 3940 1273 4024 Disquisitu,

192 4045 222 4089 s.
240 4045 305 4092 vu.

234 4127 288 4193 Dc
307 4127 422 4196 Creusa
437 4130 589 4198 Excursu
607 4150 675 4201 xiv
692 4137 833 4220 egimus.
866 4140 945 4220 Sed,
960 4162 1060 4226 quam
1075 4144 1165 4211 varie
1176 4140 1265 4208 AEnci·
