2664 4686
106 289 195 357 trra
438 304 631 355 cccmus
655 305 872 359 unrrtorturr
930 270 953 339 1

110 482 152 493 -
163 447 248 508 Pauli
261 448 343 507 llenii
357 448 505 526 Eugnbioi
519 449 549 507 iu
563 449 599 508 P.
610 449 724 528 lirgilii
737 452 815 511 Mar.
828 450 1206 517 mmmmm

150 544 256 624 quibus
268 545 399 603 authoris
412 546 556 604 sententia
566 546 740 623 explanatur
752 556 783 606 et
796 547 1106 628 illuqntnr'psssim,
1120 553 1207 612 liutici

150 641 293 718 metuatis
306 640 455 699 condendi
478 642 564 708 ratio,
589 643 703 720 legibus
722 662 758 701 rc
771 642 965 704 documentis
990 666 1032 705 ex
1045 647 1208 725 ordiuepro

151 728 299 812 mdgutis,
311 736 486 795 ostenditur.
522 738 618 797 AEneis
632 758 701 797 cum
712 738 847 815 Odyssea
859 750 892 798 et
905 740 1009 799 lliade
1023 754 1207 820 computatum

149 830 294 907 umidum
314 831 542 900 denonantur,
566 844 747 908 quantopere
767 833 935 893 Homerum
946 836 1097 913 Virgilius
1109 850 1206 914 superr-

152 927 244 985 rcrit:
266 926 375 1005 quibus
401 928 525 986 necessit
550 929 682 987 Platonis
709 929 840 987 Poiitica.
883 932 1037 1003 versutiis,
1066 932 1145 1010 spud
1169 933 1207 993 lu

152 1023 328 1083 Guerilium.
348 1023 401 1082 iol.
441 1025 566 1103 operosi
579 1035 648 1084 suut
666 1024 697 1084 bi
709 1024 931 1099 Commeutuii,
953 1027 1014 1086 sed
1040 1027 1206 1104 paru-sub

118 1213 196 1276 162⁴
221 1215 496 1275 Remmiam-1.
529 1216 672 1293 Operum.
703 1215 820 1293 lipde.
841 1223 871 1276 8.
903 1236 978 1277 cum
1006 1218 1122 1298 liguris.
1165 1219 1207 1278 ist

153 1309 239 1369 nobis
258 1310 296 1368 ad
311 1329 414 1369 manus
426 1311 584 1387 exemplar,
609 1309 690 1388 qnod
704 1310 790 1369 titulo
803 1321 895 1385 caret,
919 1313 974 1371 sed
998 1313 1099 1374 dubio
1119 1313 1206 1393 prorrl

151 1404 278 1482 illuipsa
290 1415 346 1464 est.
386 1405 593 1481 Legiturenim
608 1406 636 1463 in
653 1405 896 1484 ultimapngiua:
921 1411 1109 1471 ‘Goslarise
1120 1410 1206 1469 111111-
1252 1430 1254 1445 ¹

151 1500 360 1576 nesl'ogtltius
381 1500 560 1567 excutiebat:
582 1501 721 1576 impensio
744 1502 903 1562 haredum
927 1506 1086 1584 Henniugi
1107 1503 1207 1566 Gmssti
1252 1548 1254 1565 .

153 1596 283 1667 senioris,
297 1594 475 1673 bibliopolae
488 1595 653 1674 lipsiensis.
694 1599 781 1655 Anno
796 1605 997 1659 trucxxmss
1041 1600 1208 1662 Pru-itter-

154 1703 203 1752 tur
216 1693 307 1769 Greg.
333 1691 482 1750 Bersmani
506 1692 600 1769 Epist.
620 1689 800 1750 dedicatoria
818 1691 857 1750 sd
880 1693 933 1754 lo.
947 1695 1023 1754 Cas.
1042 1707 1074 1756 et
1092 1698 1140 1758 lo.
1151 1697 1209 1757 Em

154 1787 271 1857 iratres,
286 1788 385 1845 Duces
398 1788 466 1846 Sar.
480 1788 587 1864 scripta
602 1789 707 1864 Lipsiae
722 1788 752 1847 d.
768 1805 832 1848 vu.
853 1789 924 1848 Kal.
941 1795 1020 1868 Apr.
1040 1801 1131 1855 1581.
1152 1791 1209 1852 driu

154 1881 266 1958 Virgilii
281 1882 338 1940 rita
351 1900 405 1957 per
419 1883 582 1951 Donatum
598 1893 659 1942 tum
675 1887 787 1963 Georg.
799 1885 925 1944 Fabricii
937 1888 1073 1948 Chemn.
1086 1888 1126 1949 sd
1136 1888 1209 1949 rtet

152 1978 288 2036 Pisonem
301 1977 479 2036 avunculum
502 1977 539 2036 de
552 1977 724 2037 excellentia
746 1987 899 2056 poetaru-
913 1981 1001 2058 apud
1027 1984 1149 2044 latinos
1158 2001 1211 2042 cur·

156 2092 234 2145 rnen,
248 2084 278 2133 et
296 2075 343 2133 lo.
357 2072 474 2133 loriani
487 2072 612 2131 Pontani
625 2072 663 2131 de
671 2074 784 2151 Virgilii
796 2075 955 2145 natalibus,
969 2085 1034 2137 etc.
1071 2080 1120 2139 Pr.
1131 2077 1211 2139 Medii

156 2170 193 2228 ad
209 2171 300 2246 Greg.
326 2170 434 2226 Bersm.
449 2168 487 2226 de
500 2168 585 2227 editis
597 2170 638 2228 ab
650 2189 687 2227 eo
702 2168 813 2246 Virgilii
825 2180 854 2228 et
873 2170 978 2229 Ovidii
999 2173 1089 2251 Opp.
1112 2171 1210 2235 M

157 2266 345 2342 subjungitur
365 2264 487 2342 Maphei
510 2264 594 2341 Vegii
616 2263 667 2322 lib.
682 2280 764 2322 11111.
806 2265 979 2340 Sequuntur
1000 2269 1093 2328 novis
1112 2267 1212 2347 paginis

154 2359 359 2436 incipientibus
376 2358 591 2435 Epigrammata
604 2368 675 2416 vett.
697 2359 789 2417 Culex
813 2379 848 2417 er
871 2360 980 2419 Bembi
1003 2364 1114 2440 castig.
1136 2365 1212 2432 Dite,

156 2457 253 2524 AEtna,
276 2455 361 2522 Ciris,
384 2455 540 2522 Murciam,
564 2454 657 2530 Copa,
682 2452 834 2512 Catalecta
854 2474 891 2512 er
912 2474 972 2514 em.
996 2459 1062 2517 los.
1078 2458 1212 2537 scaligeri.

157 2551 302 2609 lectionis
316 2547 478 2606 emendatae
500 2548 574 2605 ratio
586 2568 621 2604 er
645 2547 737 2625 antiq.
753 2549 932 2609 Grammatt.
956 2561 989 2610 et
1005 2553 1151 2616 librorum
1169 2555 1213 2613 ob

159 2645 332 2714 servatione,
359 2642 473 2701 reddita
499 2661 517 2699 a
543 2644 654 2720 Georg.
683 2644 837 2714 Fabricio;
869 2666 937 2724 quic
965 2649 1112 2710 volumini
1138 2650 1211 2711 linem

156 2739 236 2799 facit.

120 2833 196 2898 1625
218 2835 252 2893 Ρ.
267 2832 375 2909 Virgilii
389 2834 465 2891 Mar.
480 2839 632 2910 poetarum
648 2834 815 2894 latinorum
829 2836 971 2913 principis
986 2839 1092 2917 Opera
1104 2838 1210 2899 induli·

158 2942 220 2993 tata
240 2929 348 2990 omnia.
393 2928 441 2988 Ad
463 2929 585 2988 doctiss.
613 2929 649 2988 R.
673 2929 705 2987 P.
729 2931 835 2990 Jacobi
861 2930 987 2991 Pontani
1015 2935 1209 3013 castigationes

157 3027 369 3090 accuratissime
383 3045 492 3085 excusa
505 3045 572 3083 cum
587 3024 682 3084 indice
696 3025 829 3100 ejusdem
853 3027 1101 3105 locupletissimo.
1142 3029 1208 3091 ileli-
1228 3023 1230 3027 ’

159 3127 225 3207 quis
250 3145 317 3202 quae
345 3125 474 3183 Maronis
502 3123 617 3180 nomine
644 3122 886 3181 circumferuntur
912 3125 1069 3201 opusculis
1102 3124 1207 3186 seorsim

142 3223 317 3300 impressis.
373 3222 430 3278 ‘ln
453 3219 654 3278 florentissima
676 3219 933 3296 Agrippinensium
956 3222 1094 3293 Colonia,
1117 3221 1205 3280 sumti·

158 3321 214 3377 bus
228 3316 385 3375 Bernhardi
400 3316 541 3386 Gualteri‚
565 3335 640 3375 anno
654 3317 706 3375 sal.
730 3316 873 3374 humanae
888 3321 1062 3376 mucxxv!
1090 3319 1123 3376 ln
1136 3315 1205 3376 line:

160 3413 357 3472 ‘Excudebat
397 3412 540 3469 Heuricus
577 3411 676 3471 Krafft
710 3411 853 3471 sumtibus
894 3413 1056 3472 Berultardi
1084 3411 1203 3473 Gualteri

161 3511 329 3568 rrucxxvss
369 3507 584 3584 Typographus
598 3508 626 3566 in
650 3507 763 3585 praelat.
779 3527 809 3565 se
822 3506 860 3564 ad
875 3527 1008 3567 normam
1023 3508 1129 3587 Operis
1140 3526 1203 3586 sym·

160 3606 250 3665 bolici
268 3606 331 3664 Jac.
348 3604 481 3674 Pontum,
504 3604 531 3660 iu
546 3605 668 3680 gratiam
683 3605 856 3681 philomusae
873 3604 1053 3680 juventutis,
1072 3599 1203 3684 grandiori

159 3704 326 3763 charactere
348 3700 455 3759 notatis
479 3701 638 3771 sententiis,
666 3700 859 3776 ejusdemque
882 3700 985 3759 indice
1007 3701 1201 3780 copiosissimo,

160 3798 270 3876 Virgilii
283 3806 469 3855 monumenta
484 3795 648 3855 indubitata
661 3795 796 3854 recudere
811 3795 935 3855 voluisse
949 3796 1115 3872 profitetur.

120 3932 159 3946 -
173 3899 281 3975 Opera,
296 3893 394 3953 studio
407 3894 466 3952 Th.
482 3893 635 3952 Pulmanni
648 3903 787 3952 correcta.
808 3891 1032 3952 Amstelodami.
1055 3903 1083 3955 8.

119 4030 159 4042 -
173 3998 282 4072 Opera,
308 3989 405 4050 studio
427 3989 545 4047 Theod.
569 3989 720 4048 Pulmauni
748 3997 886 4048 correcta.
928 3988 1046 4060 Seduni,
1068 3988 1144 4068 typis
1162 3988 1200 4046 lo.

161 4091 276 4151 lauoni.
298 4096 347 4150 32.
390 4086 489 4146 Editio
502 4088 647 4147 literarum
661 4086 761 4147 formis
783 4085 944 4149 minoribus
957 4086 1077 4159 nobilis,
1098 4084 1201 4165 quaab
