2692 4974
439 322 491 371 su
512 320 686 375 nunrncs
709 324 782 375 ure.
807 326 864 376 xr.
1113 309 1202 379 w

99 465 252 548 Quorum
267 467 465 532 anxiliormn
477 467 657 534 adventum
677 469 757 535 cum'
768 469 926 553 temporis
939 472 1114 554 ungnstioe,
1128 472 1202 557 qui·

99 568 165 657 bus
178 567 307 652 reliqna
320 570 398 634 belli
412 576 531 635 eventa
552 571 772 650 includuntur,
794 589 862 636 non
885 572 1079 638 admittant:
1111 573 1202 655 lega-

99 676 208 743 mmm
231 670 336 735 reditu
361 678 396 736 et
420 674 654 736 renuntiatione
668 673 787 736 auxilii
800 676 908 755 negati
923 672 1082 756 praeclare
1103 675 1202 740 utitur

99 768 200 841 Maro
221 772 265 836 ad
278 794 385 837 rerum
398 776 523 838 exitum
544 776 789 839 accelerandum
810 781 844 839 et
859 775 1052 839 Latinorum
1065 775 1203 843 consilia

99 875 355 961 precipitanda.
401 875 490 939 Nam
514 877 657 959 primum
681 876 799 941 incidit
820 884 869 954 (v.
881 877 940 940 lib.
956 891 1013 954 Χι,
1028 876 1093 941 225
1106 874 1201 961 sqq.)

99 974 285 1058 bgatorum
298 976 421 1041 reditus
435 977 470 1040 in
484 976 520 1040 id
534 984 674 1060 tempus,
688 997 754 1060 quo
767 985 844 1042 ante
859 997 988 1062 paucos
1000 978 1073 1042 dies
1093 999 1115 1043 a
1136 977 1201 1043 Ia·

99 1075 178 1143 linis
191 1097 309 1161 parum
322 1096 480 1161 prospere
495 1083 564 1142 erat
578 1084 768 1160 pugnatum,
782 1080 989 1162 consiliaque
1003 1099 1118 1145 eorum
1127 1080 1200 1163 jam
1285 1118 1290 1124 ·

99 1174 266 1244 inclinatis
286 1179 404 1242 animis
425 1177 469 1241 ad
491 1198 609 1261 pacem
632 1180 838 1261 spectabant.
892 1180 979 1245 Tum
1000 1200 1081 1247 uero
1102 1182 1201 1264 legati

99 1296 167 1345 non
184 1278 287 1344 modo
301 1274 455 1361 negatum
478 1299 500 1342 a
522 1279 683 1344 Diomede
698 1282 859 1346 auxilium
871 1284 1066 1361 renuntiant,
1087 1302 1202 1349 verum
1295 1362 1299 1369 ⁸

99 1380 200 1446 etiam
214 1380 356 1444 consilia
369 1381 440 1464 ejus
454 1385 487 1442 et
499 1379 655 1445 mandata
668 1387 849 1465 exponunt,
864 1385 985 1467 quibus
999 1384 1044 1448 ad
1064 1403 1201 1468 compo·

99 1481 240 1547 nendum
268 1502 343 1546 cum
372 1483 481 1545 AEnea
508 1501 625 1564 pacem
653 1485 847 1565 gravissime
878 1486 1038 1553 bortatur.
1094 1485 1200 1553 Etant

99 1589 210 1649 nutem
231 1583 273 1647 de
290 1583 463 1648 Diomedis
477 1584 512 1646 in
527 1583 671 1662 Daunia,
696 1605 773 1668 quae
786 1585 924 1669 Apuliae
944 1607 1023 1671 pars
1037 1593 1101 1665 est,
1115 1588 1202 1650 sedi-

99 1685 163 1749 bus
189 1686 311 1750 subulae
335 1685 528 1750 Graecorum
555 1688 810 1768 antiquissimae.
868 1687 1009 1772 Ibycum
1033 1695 1200 1754 auctorem

99 1782 211 1850 Sobel.
226 1785 362 1850 Pindari
377 1785 421 1849 ad
431 1784 535 1849 Nem.
552 1802 593 1863 X,
617 1787 661 1850 12
682 1789 817 1866 excitat,
840 1790 899 1853 sed
919 1791 1058 1873 cyclicis
1079 1790 1201 1872 proba·

99 1886 165 1951 bile
179 1885 217 1952 ut
230 1886 339 1970 politis
353 1888 427 1951 illas
441 1906 514 1951 esse
526 1888 726 1966 tribuendas,
749 1891 792 1955 iis
814 1890 978 1974 inprimis,
999 1891 1056 1973 qui
1077 1891 1201 1957 rediture
1314 1959 1321 1966 ,

99 1983 303 2054 Achivorum
327 1985 488 2075 (Νόστους)
509 1990 654 2054 carmine
672 1999 894 2074 exposuerant
913 1990 975 2075 (cf.
1000 2012 1079 2076 sup.
1098 1993 1144 2057 ad
1164 2012 1199 2058 v.

99 2086 175 2181 265.
219 2088 275 2153 Ad
286 2090 600 2172 eorumexemplum
619 2086 787 2153 Diomedes
805 2091 899 2155 libris
911 2107 970 2154 xu
987 2093 1117 2173 scripta
1128 2098 1201 2157 erat

99 2190 227 2256 eJulio
240 2190 407 2257 Antonio:
430 2212 487 2274 ap.
503 2192 616 2256 Schol.
633 2192 756 2257 Horat.
773 2210 824 2271 ιν,
838 2194 872 2271 2,
885 2194 941 2271 33,
955 2195 1004 2258 uti
1022 2191 1202 2257 Plancina

99 2292 274 2372 Tuticano,
295 2302 333 2359 et'
350 2292 465 2356 reditus
482 2291 621 2357 Menelai
636 2304 665 2356 et
682 2291 809 2356 Helene
834 2315 856 2359 a
879 2295 997 2379 Lupo:
1034 2291 1134 2358 Ovid.
1157 2312 1201 2358 ex

99 2393 211 2460 Ponto
225 2412 276 2473 ιν,
297 2397 351 2472 16,
370 2397 506 2485 2627).
559 2395 683 2460 Redux
703 2398 790 2460 enim
804 2415 826 2458 a
838 2395 943 2479 Troja
963 2395 1071 2478 Argos
1093 2395 1200 2461 factus

99 2496 282 2562 Diomedes
302 2496 387 2583 (vid.
404 2496 527 2581 Odyss.
542 2503 578 2574 Γ,
602 2497 667 2560 180
691 2494 772 2579 sq),
797 2497 938 2577 cognitis
952 2495 1068 2558 uxoris
1083 2496 1200 2576 AEyia-

99 2600 160 2665 lem
176 2604 209 2663 et
223 2598 361 2663 adulteri
381 2597 540 2675 Cometae,
563 2598 707 2662 Stheneli
731 2598 766 2675 s.,
792 2597 933 2672 insidiis,
955 2597 1074 2660 iterum
1093 2613 1199 2663 naves

99 2700 306 2776 conscendit,
328 2705 361 2763 et
379 2707 458 2784 post
475 2701 596 2764 multo's
611 2718 733 2763 errores
758 2699 816 2776 (cs.
831 2699 933 2763 Ovid.
950 2714 1018 2760 xrv
1036 2697 1119 2761 Met.
1134 2696 1199 2763 478

99 2799 200 2885 sqq),
227 2802 347 2884 quibus
361 2804 461 2865 etiam
477 2801 636 2864 AEtoliam
659 2801 784 2866 adiisse
804 2800 965 2864 serebatur
987 2802 1033 2876 (v.
1049 2817 1079 2861 c.
1094 2796 1201 2862 Anto·

99 2904 165 2968 nin.
192 2901 327 2966 Metam.
352 2923 380 2967 c.
403 2903 459 2979 37,
479 2902 538 2966 ubi
560 2903 603 2966 cs.
630 2901 725 2979 Not,
757 2908 790 2965 et
813 2901 857 2965 ad
877 2922 919 2966 ea
942 2901 1021 2965 add.
1048 2899 1131 2965 Not.
1156 2899 1200 2965 ad

99 3002 296 3089 Apollodor.
312 3026 347 3088 p.
362 3006 428 3069 129
441 3001 546 3087 sqq),
570 3024 645 3067 cum
659 3004 759 3065 sociis
775 3002 1005 3077 Doriensibus,
1031 3019 1117 3082 quos
1143 3001 1201 3064 ad-

99 3104 252 3182 duxerat,
266 3106 301 3169 in
317 3106 432 3171 Sinum
447 3104 655 3169 Adriaticum
666 3107 811 3177 evectus,
821 3104 857 3165 in
872 3103 1065 3165 Daunorum
1079 3100 1199 3164 tinibus
1237 3184 1243 3197 ⁸

99 3207 260 3285 consedit,
275 3212 307 3271 et
321 3208 433 3272 Dauni
456 3207 544 3288 regis
566 3205 637 3268 filia
656 3207 691 3268 in
713 3205 955 3267 matrimonium
970 3202 1072 3266 ducta
1083 3201 1200 3265 urbem

99 3308 259 3387 condidit,
276 3312 329 3373 cui
346 3311 389 3372 ab
411 3306 511 3390 Argis
525 3306 759 3389 Peloponnesi,
783 3305 904 3388 quibus
927 3302 1149 3386 imperaverat
1168 3309 1202 3367 et

99 3428 237 3496 qnorum
251 3412 422 3494 antiquum
435 3430 553 3474 nomen
569 3404 678 3493 Ἀργος
690 3407 782 3470 inno
795 3407 866 3483 fuit,
881 3408 943 3470 hoc
957 3406 1069 3488 ipsum
1082 3423 1201 3469 nomen

100 3508 204 3598 Argos
216 3506 377 3595 Hippiam
392 3512 590 3594 imposuisse
605 3510 725 3589 fertur;
745 3507 847 3594 'quod
866 3515 985 3592 postea
997 3509 1031 3569 in
1045 3503 1202 3592 Argyrip-

99 3630 183 3696 pum,
200 3613 399 3696 tandemque
415 3615 448 3676 in
465 3611 570 3694 Arpos
584 3615 786 3675 contractum
801 3630 875 3673 esse
889 3607 988 3673 aiunt.
1047 3607 1137 3672 Haec
1151 3615 1202 3673 est

100 3710 264 3779 Diomedis
280 3714 350 3778 urbs
365 3716 423 3779 lib.
441 3731 523 3790 vin,
536 3714 570 3778 9.
594 3728 651 3789 xl,
663 3714 739 3791 226,
754 3720 787 3776 et
805 3709 906 3774 AEtolt'
922 3708 1006 3791 Arpi
1020 3709 1077 3773 lio.
1093 3725 1134 3787 x,
1145 3710 1200 3786 28,

100 3822 137 3905 et
154 3816 215 3883 lib.
243 3833 300 3893 xr,
326 3818 402 3882 246.
418 3817 482 3880 247
506 3820 516 3848 ‘
534 3816 595 3879 Ille
609 3815 723 3879 urbem
738 3813 934 3898 Argyripam
950 3813 1067 3894 patriae
1083 3829 1203 3894 cogno·

100 3919 185 3983 mine
199 3920 305 4001 gentis
318 3917 439 3980 Victor
453 3915 599 3998 Gargani
615 3916 777 3979 condebat
803 3914 939 3997 Iapygis
963 3913 1052 3978 arvis
1063 3910 1082 3976 :'
1114 3908 1201 3974 cons.

103 4018 194 4085 Serv.
209 4020 253 4082 ad
269 4020 400 4096 v111‚9.
443 4017 576 4083 Cluvcr.
599 4016 675 4081 Ital.
699 4022 764 4080 ant.
786 4037 821 4099 p.
848 4014 936 4079 1215
961 4033 1035 4097 sqq.
1078 4009 1203 4073 Postea

102 4120 239 4187 aliarum
253 4139 383 4205 quoque
396 4119 528 4185 urbium
543 4117 726 4203 primordia
738 4117 781 4180 ad
796 4115 995 4181 Diomedem
1009 4110 1120 4177 referri
1133 4128 1205 4175 οων
