2664 4686
187 259 276 327 4128
587 273 787 324 excursus
808 273 909 328 xvrr.

39 480 47 493 ,
187 436 1281 533 ηαὴωνὶᾶωαρ.ὓοιιου.υιπαι16,φ11ὣωιιιαὶ1αῃ-

189 541 559 625 taTrojasecessisse
585 541 620 602 in
646 539 762 619 Idam3
794 560 974 608 cumvero
998 543 1282 614 Smmandriuset

190 645 345 728 Oxyuius
360 643 486 706 Priami
501 642 560 705 filii
573 661 593 704 e
608 642 727 725 Lydia,
753 664 822 726 quo
833 646 945 710 emissi
961 647 1103 726 fauent,
1126 650 1283 717 reanum

189 752 226 811 et
249 747 360 810 omnia
383 748 473 808 circa
499 744 597 806 Ilium
619 744 694 807 locu
714 745 779 806 sibi
801 745 1015 824 vindicarent,
1039 748 1183 815 Veneris
1198 754 1284 836 Jussr

189 869 268 913 eum
282 848 490 911 discessisse.
537 844 585 908 Ut
598 853 707 908 tamen
721 847 809 911 idem
831 846 950 913 Conon
968 870 1055 915 narr.
1079 869 1149 916 xer
1175 860 1284 932 mrrat,

191 950 361 1017 Ascanius
386 952 418 1013 in
440 958 549 1013 monte
572 948 636 1011 Ida
654 968 790 1030 regnum
804 952 972 1014 retinuisse
985 953 1140 1032 videtum
1161 957 1286 1039 quod'et

189 1055 300 1139 ipsum
324 1051 368 1116 ad
392 1052 547 1134 Scepsin,
562 1054 688 1134 quippe
707 1053 740 1114 in
756 1051 830 1116 Idae
852 1051 997 1138 ὑπωρείαις
1009 1056 1121 1133 utam,
1145 1064 1286 1141 spectus

190 1160 314 1240 potest.
359 1152 484 1217 Contra
496 1152 675 1216 secundum
689 1172 758 1230 eos,
784 1173 870 1235 quos
885 1154 1005 1238 Dictys
1019 1156 1079 1219 lib.
1098 1174 1120 1216 v
1137 1165 1222 1224 extr.
1243 1178 1285 1224 at»

191 1257 312 1341 quitur,
336 1274 472 1336 regnum
497 1253 689 1335 trojanum,
712 1274 757 1316 ex
781 1262 881 1336 pacto
904 1255 1066 1321 Antenori
1090 1259 1136 1321 ab
1158 1259 1286 1325 Acbiria

191 1377 399 1443 conpessum,
426 1374 507 1419 mox
520 1355 581 1416 fuit
595 1354 639 1417 ab
655 1353 764 1417 AEnea
777 1362 945 1434 tentatum,
959 1357 1018 1420 sed
1032 1358 1166 1424 frustra.
1211 1360 1287 1426 Tan

193 1460 269 1523 dem
298 1456 476 1522 secundum
506 1454 657 1516 Servium
685 1453 728 1516 ad
756 1456 833 1519 AEn.
861 1473 916 1534 rx,
939 1458 1025 1521 aet:
1053 1459 1228 1538 ‘Quidam
1251 1463 1285 1526 ab

194 1559 336 1637 Abante,
359 1560 417 1643 qui
430 1556 555 1621 Troica
569 1556 715 1636 scripsit,
730 1556 870 1619 relatum
882 1558 996 1635 senmt,
1020 1567 1099 1641 post
1113 1560 1286 1627 discessum

123 1694 136 1701 -
192 1682 214 1726 a
227 1663 332 1745 Troja
346 1660 552 1734 Graecorum,
579 1654 774 1740 Astyanacti
787 1659 834 1720 ibi
850 1659 963 1723 datum
975 1680 1130 1742 regnum3
1151 1661 1238 1727 bunc
1251 1663 1285 1726 ab

124 1772 129 1785 '
189 1761 359 1826 Antenore
373 1760 561 1842 expulsum,
588 1759 727 1821 sociatis
740 1760 804 1822 sibi
826 1759 974 1824 finitimis
986 1763 1194 1841 civitatibus,
1218 1765 1286 1828 inter

193 1882 278 1947 quas
291 1870 326 1927 et
338 1860 465 1924 Arisba
477 1860 560 1937 suit3
583 1860 726 1923 AEneam
740 1861 805 1924 hoc
817 1882 902 1943 aegre
914 1862 1040 1941 tulisse,
1054 1871 1087 1928 et
1101 1885 1165 1947 pro
1175 1864 1285 1949 Astyr·

192 1969 288 2029 nacte
303 1981 393 2028 arma
406 1961 550 2043 cepisse,
565 1980 617 2037 ac,
631 1982 789 2046 prospere
809 1969 902 2046 gesta
921 1985 967 2042 re,
987 1962 1186 2049 Astyanacti
1205 1967 1285 2030 reati·

192 2068 294 2132 unisse
307 2061 464 2147 regnum-⁹

237 2165 350 2245 Quam
376 2165 528 2229 diversas
553 2161 728 2247 potuum
753 2165 832 2228 olim
857 2171 966 2230 sectas
988 2165 1103 2243 fuisse,
1132 2186 1233 2249 quam
1245 2166 1286 2231 di·

192 2287 309 2333 versos
333 2264 482 2349 ejusdem
508 2265 688 2345 argumenti
716 2266 877 2328 tractandi
901 2266 1030 2344 modos,
1059 2268 1287 2346 existimasti

193 2368 323 2442 audias,
346 2368 380 2428 in
395 2363 503 2427 Iliade
516 2381 623 2444 parva
638 2365 778 2426 AEneam
794 2375 929 2447 captum
943 2385 1018 2430 cum
1031 2364 1287 2434 Andromacbea

193 2466 418 2550 Neoptolemo
432 2463 584 2526 Phthiam
596 2463 776 2528 abductum
790 2466 914 2529 luisse!
937 2466 1062 2531 Versus
1073 2469 1289 2550 ipsos'lbetra

194 2567 237 2633 ad
253 2556 417 2649 Lyc'opbr.
435 2563 520 2626 1263
533 2562 626 2626 affert
639 2585 646 2625 :
669 2566 732 2626 etsi
746 2565 808 2628 hoc
823 2566 910 2629 idem
924 2586 990 2631 non
1005 2568 1045 2631 de
1061 2569 1173 2634 AEnea
1185 2572 1242 2636 sad
1255 2568 1289 2634 de

193 2663 411 2729 Scamandrio
425 2663 565 2743 aliisque
577 2661 769 2726 Hectoridis
783 2665 937 2731 traditum
949 2668 1144 2733 anonnullis
1158 2671 1290 2755 Dionys⁸

194 2779 221 2840 1,
236 2765 280 2827 47
299 2766 468 2824 memorat
514 2759 629 2825 Habet
643 2768 754 2826 tamen
768 2772 800 2828 et
815 2766 935 2851 Dictys
959 2786 993 2844 v,
1012 2769 1066 2846 16,
1094 2762 1194 2852 quem
1214 2772 1290 2837 adeo

190 2869 225 2928 ct
236 2865 299 2927 boc
314 2881 336 2924 a
350 2860 477 2924 besche
492 2861 642 2945 petiisse,
668 2883 711 2927 ex
726 2866 788 2929 boc
804 2867 878 2950 ipso
900 2877 1051 2933 constare
1067 2871 1208 2937 videtur.
1250 2872 1291 2938 At

192 2984 271 3031 vero
296 2965 330 3027 in
358 2961 471 3027 Schol.
495 2960 597 3027 Iliad.
621 2971 661 3040 N,
687 2967 752 3029 459
766 2968 858 3030 nullo
873 2973 1029 3054 apposito
1044 2980 1179 3038 auctore
1192 2993 1291 3040 narra·

192 3073 283 3132 tum:
308 3064 462 3128 AEneade
483 3064 565 3127 urbe
580 3065 714 3128 condita
728 3065 837 3142 (AEuia
859 3069 891 3130 in
917 3068 1062 3150 Pallene)
1086 3073 1191 3139 filium
1214 3075 1291 3160 patri

193 3169 401 3255 superstitem
422 3167 457 3229 in
480 3167 623 3253 patriam
651 3166 802 3246 rediisse,
830 3172 906 3235 inde
933 3177 1088 3239 assumtis
1113 3178 1241 3244 colonia
1261 3180 1292 3243 in

193 3271 324 3334 Italiam
346 3264 544 3332 discessisse
564 3267 615 3351 (v.
631 3269 741 3332 locum
757 3272 814 3335 ins.
832 3273 971 3340 Excurs.
989 3295 999 3339 1
1017 3277 1060 3340 ad
1081 3279 1143 3343 lib.
1160 3297 1218 3361 111,
1240 3279 1292 3345 ubi

192 3373 234 3435 de
249 3372 365 3435 AEncae
381 3388 523 3433 accessu
538 3368 581 3432 ad
598 3369 784 3455 Pallenen).
1240 3428 1264 3465 ἡ,

236 3471 290 3534 De
320 3469 454 3532 Anchise
481 3477 560 3553 post
588 3470 759 3554 Hymnum
783 3474 1000 3541 Homericum
1024 3481 1059 3544 in
1083 3468 1293 3549 Venerem'et

192 3570 289 3634 fidem
314 3570 460 3653 aliquam
480 3571 624 3636 historiae
645 3575 819 3638 obscuram
839 3596 905 3640 non
920 3580 1027 3644 minus
1042 3584 1139 3647 varia
1152 3605 1175 3649 a
1189 3585 1293 3660 mnia,

192 3670 250 3755 qui
264 3669 337 3732 haec
352 3674 581 3749 tractaverant,
611 3692 670 3736 seu
685 3675 902 3757 conjectando
922 3699 981 3743 seu
1004 3693 1234 3765 argumentum
1246 3704 1294 3750 ot·

191 3769 299 3837 nando
314 3768 446 3833 fuerunt
459 3772 601 3838 invente.
646 3776 700 3840 De
715 3778 787 3861 ejus
802 3787 904 3845 morte
921 3781 1063 3848 Excurs.
1081 3802 1168 3852 xvir
1183 3788 1293 3854 adlib.

192 3889 249 3952 ur,
273 3871 338 3936 710
352 3870 549 3937 videbimus.
597 3877 813 3944 Debilitatum
828 3901 865 3945 se
881 3883 948 3964 igni
968 3886 1098 3951 coelesti
1112 3889 1189 3973 ipse
1200 3887 1295 3974 profl-

190 3979 275 4038 tctur
289 3973 348 4038 lib.
365 3990 404 4050 11,
419 3974 593 4040 647-649
608 3979 709 4044 ‘Jam
719 3983 846 4066 pridem
855 3984 982 4051 invisus
997 3985 1105 4069 Divis,
1116 3997 1150 4056 et
1161 3991 1294 4071 inutilitt,

189 4092 293 4141 annos
308 4075 486 4144 Demoror:
510 4097 554 4143 ex
581 4099 647 4163 quo
671 4101 724 4146 me
747 4084 872 4150 Divum
895 4093 991 4170 pater
1014 4094 1116 4174 atque
1129 4091 1294 4167 bominum
