2664 4686
110 281 202 379 Adit)
553 296 793 351 tuscanorum

117 447 281 515 amenas
294 427 832 534 mmspolnsotassec‘ohoras,
869 533 872 538 Ι

116 555 323 640 Proscripsit
341 556 471 622 miserae
485 543 635 621 florentia
656 575 733 620 rura
748 554 943 635 Cremonae3

116 655 271 740 Totaque
283 658 446 723 militibus
460 659 602 743 pretium
619 675 782 722 concessa
793 657 942 720 laborum

117 758 244 827 Praeda
260 760 331 826 suit.
374 760 531 825 Violenta
544 779 661 824 manus
675 758 838 824 bacchata
851 776 916 842 per.
924 775 1038 839 agros.
1089 821 1092 827 ,
1137 837 1147 857 Β

114 861 201 929 Non
213 863 323 943 flatus,
343 884 411 929 non
425 867 492 929 tela
510 864 532 929 J
535 866 621 942 ovis,
633 882 700 927 non
715 880 873 946 spumeus
883 860 1008 938 amnis,

120 962 156 1029 N
158 983 202 1028 on
215 966 336 1029 imbres
350 965 470 1051 rapidi,
494 971 650 1050 quantum
664 950 782 1028 manus
796 962 901 1047 impia
913 965 1039 1026 vastat.

119 1063 273 1144 Mantua,
286 1073 323 1132 tu
338 1070 515 1154 conjuncta
526 1068 614 1146 loco,
629 1067 762 1131 sociata
774 1063 920 1150 periclis,

121 1166 157 1233 N
158 1189 202 1234 on
216 1174 326 1235 tamen
340 1171 384 1234 ob
400 1173 572 1259 meritum3
593 1171 746 1234 miseram
757 1169 882 1233 vicinia
895 1165 986 1232 fecit.

119 1269 143 1337 J
146 1290 201 1336 am
216 1271 316 1338 Maro
331 1275 450 1356 pulsus
463 1279 542 1340 erat.
584 1273 654 1338 Sed
665 1272 792 1338 viribus
803 1271 924 1336 obrius
939 1268 1011 1334 ibat

122 1369 242 1439 Fretus
257 1377 439 1440 amicorum
454 1376 593 1460 clypeo:
617 1394 693 1439 cum
716 1392 814 1459 paene
828 1370 974 1437 nefando

122 1473 213 1540 Ense
227 1478 322 1561 perit.
368 1476 459 1557 Quid
473 1477 592 1542 dextra
603 1476 709 1541 rurist
732 1474 813 1558 quid
826 1475 956 1538 viscera
969 1470 1098 1539 Rome

122 1575 294 1661 Sacrilego
302 1580 460 1643 mucrone
478 1578 591 1663 petist
614 1584 673 1644 tua
689 1576 780 1643 bella
800 1575 926 1640 tacebit

122 1676 314 1759 Posteritus,
331 1682 506 1765 ipsumque
520 1681 651 1758 ducem,
665 1680 732 1744 nisi
751 1677 895 1744 Mantua
908 1675 1011 1742 dicat.

123 1779 204 1846 Nou
218 1784 293 1846 tulit
306 1782 393 1848 hunc
408 1785 533 1850 rabiem
546 1782 741 1850 doctissima
752 1780 851 1846 turba
862 1784 1049 1864 potentum.

117 1881 197 1949 ‘Itur
211 1883 255 1948 ad
269 1890 439 1949 auctorem
451 1900 576 1950 rerum:
599 1883 683 1968 quid
698 1882 840 1948 Martius
853 1883 968 1950 horror

124 1983 459 2069 Egerit20stendunt3
480 1986 652 2071 quidbmc
664 1982 852 2066 miseranda
863 1982 1005 2048 tulisset.

125 2085 272 2154 Caesaris
285 2089 339 2154 bic
353 2088 491 2173 placido
500 2093 581 2154 nutu
592 2093 783 2173 repetuntur
794 2085 905 2170 agelli.
1013 2109 1016 2113 ·

126 2189 196 2256 His
210 2194 328 2256 auctus
342 2192 468 2258 meritis
483 2211 559 2256 cum
573 2190 675 2275 digna
687 2189 862 2275 rependero
875 2187 994 2255 vellet:

126 2290 260 2358 Invenit
273 2312 419 2372 carmen,
435 2313 501 2379 quo
514 2311 652 2359 munera
666 2293 798 2359 vincere
811 2297 939 2378 posset.

126 2392 263 2461 Praedia
278 2397 335 2461 dat
357 2394 485 2474 Caesar,
508 2415 646 2481 quonum
666 2396 779 2462 brevis
796 2413 878 2460 usus
890 2394 1055 2460 habendi:

127 2493 257 2564 Obtulit
278 2499 333 2562 hic
348 2497 479 2578 laudes,
496 2518 580 2582 quas
595 2498 724 2562 saecrda
736 2495 827 2562 nulla
847 2494 1013 2567 silescant.

170 2599 329 2664 Pastores
345 2601 467 2665 cecinit
484 2603 621 2684 primos.
665 2598 745 2664 Hoc
760 2597 903 2664 carmine
918 2596 1045 2663 Consul

127 2699 237 2765 Pollio
251 2702 414 2780 laudatur,
434 2709 483 2768 ter
496 2722 533 2765 se
546 2702 781 2768 revocantibus
795 2688 891 2766 anuis

128 2801 337 2887 Composito.
381 2804 467 2868 Post
484 2804 559 2868 haec
575 2807 659 2869 ruris
672 2810 842 2889 praecepta
856 2804 985 2871 colendi

125 2901 281 2984 Quatuor
299 2907 458 2992 exposuit
477 2906 583 2986 libris,
596 2913 629 2972 et
642 2906 819 2972 commoda
831 2911 927 2971 tcrrae

127 3007 282 3088 Edocuit,
309 3011 448 3094 geminis
463 3031 549 3076 anno
562 3011 671 3076 minus
695 3012 806 3076 omnia
826 3011 949 3076 lustris.

128 3109 211 3176 Inde
227 3113 421 3178 cothurnato
435 3113 637 3180 Teucrorum
651 3115 767 3199 praelia
780 3134 877 3181 versu

129 3210 174 3278 Et
189 3211 349 3280 Rutulum
365 3218 481 3283 tonuit.
525 3218 668 3282 Bissena
681 3215 852 3281 volumina
863 3235 960 3284 sacro
1172 3205 1234 3281 100

129 3314 300 3380 Formavit
313 3317 439 3384 donata
452 3319 541 3397 duci,
557 3320 723 3385 trieteride
738 3325 867 3405 quarte.

144 3456 149 3474 .
172 3415 239 3479 Scd
252 3417 337 3495 loca,
354 3439 429 3502 quae
443 3421 533 3503 vrdgi
552 3423 747 3487 memoravit
760 3421 882 3487 tradita
894 3420 987 3486 fama

129 3515 289 3602 AEquoris
307 3527 341 3584 et
353 3525 461 3600 terrae,
476 3525 592 3588 statuit
605 3544 795 3608 percurrere
808 3528 916 3602 vates,

20 3708 22 3712 μ
129 3615 261 3685 certius
274 3628 312 3687 ut
324 3622 417 3688 libris
431 3624 530 3689 oculo
550 3623 693 3691 dictante
705 3630 844 3691 notaret

129 3716 299 3803 Pergitur:
322 3731 360 3789 ut
377 3722 541 3791 Calabros
556 3727 671 3811 tetigit,
685 3726 788 3792 livore
802 3725 933 3791 nocenti
1172 3730 1235 3793 105

639 3915 748 3970 NOTAE

115 4074 117 4076 ,
160 4022 194 4071 to
210 4019 237 4070 in
252 4019 325 4072 diis:
343 4026 459 4087 quom
477 4038 559 4074 mes
575 4025 659 4089 impin,
700 4026 776 4091 dum
793 4023 838 4088 qui
849 4022 1163 4083 tmnioerucmttuet,
1183 4024 1233 4073 Co·

127 4102 233 4148 butant.
644 4143 646 4147 ,
700 4099 762 4148 caric
780 4099 840 4148 huic
858 4099 954 4163 placido
973 4105 1033 4150 autu
1052 4107 1192 4168 repetentur
1210 4116 1235 4150 ι.

51 4221 55 4228 ,
161 4176 192 4221 01
209 4170 266 4237 quid
277 4175 383 4225 Murtias
393 4175 476 4226 horror
487 4175 574 4241 Egerit
585 4182 661 4228 osten·
699 4175 765 4228 uun.
778 4177 913 4228 etFruuc.
1002 4244 1005 4251 Ι
1043 4200 1049 4241 ,-
