2664 4686
121 295 208 360 6666
566 313 764 362 nxcuasus
786 314 812 362 ι.

122 456 325 521 Homeristis
339 456 436 520 docte
459 476 545 520 nunc
570 457 639 538 egit
653 456 860 523 Wernsdort'.
874 456 909 521 iu
933 455 1035 522 Post.
1051 458 1172 524 minor.
1188 458 1223 522 T.

125 576 174 629 rr,
192 580 225 640 p.
245 559 321 622 565.
337 560 463 641 56866.
477 560 552 622 579.
851 554 870 593 ·“·
951 587 954 597 ·
1035 598 1038 603 ·

165 659 299 723 Manita
312 657 387 742 jam
410 670 444 722 ot
466 659 638 742 patefacta
659 670 711 724 ost
734 660 801 738 ria,
822 667 860 726 ut
881 660 1043 725 arrodere
1056 663 1220 744 possimus

120 763 163 825 66
181 762 227 836 id,
248 762 345 846 cujus
359 779 465 824 rausa
479 768 583 824 totam
606 761 691 826 bunc
715 761 975 844 duputamnem
1000 762 1219 845 suscepimus,

119 874 153 928 ut
175 863 304 926 scilicet
329 881 528 945 quaeramus,
550 881 640 946 quem
664 859 859 946 potissimum
883 882 920 923 er
948 859 1107 925 veteribus
1128 860 1219 946 potia

121 962 135 1023 1
143 960 274 1047 'irgilirn
284 963 318 1026 ia
333 960 451 1026 arridio
468 959 603 1045 Tnp'nno
618 959 794 1025 enarrando
807 972 926 1026 serratus
940 960 992 1026 sit.
1039 961 1214 1027 Fano-liunt

118 1068 201 1130 intur
226 1087 295 1142 ros,
318 1067 376 1149 qui
398 1065 588 1141 interierint,
610 1064 708 1128 facile
731 1064 930 1145 intelligitrn,
952 1061 1212 1148 quandoquidem

118 1186 180 1230 666
195 1168 394 1250 cyclicorum
409 1164 583 1247 patrumm
597 1165 733 1248 aliquis,
759 1184 821 1228 nec
843 1183 958 1228 eorum
973 1164 1154 1248 quisquam
1166 1165 1211 1249 qui

118 1262 263 1349 proximi
277 1274 377 1331 rotato
396 1265 495 1342 suero,
519 1267 718 1348 omninoque
733 1267 791 1350 qui
814 1271 889 1330 anto
903 1262 1088 1344 Virgilium
1101 1268 1210 1341 visera

116 1367 159 1430 ad
173 1374 287 1431 nostra
300 1375 448 1449 tempora
460 1368 618 1448 pervenit
648 1366 775 1430 866616
787 1373 899 1431 tamon
912 1367 1095 1430 multamm
1104 1380 1212 1442 reram,

115 1474 270 1532 atrorum
285 1469 434 1552 inprimis
455 1470 523 1550 qrri,
546 1470 687 1532 seriores
710 1467 856 1550 quidam,
879 1472 1006 1531 veteres
1036 1475 1209 1531 tamenex·

116 1570 330 1653 scripserunt,
351 1578 384 1633 rt
397 1569 538 1633 'lbbulaa
563 1569 681 1633 Iliaoae
702 1588 725 1632 6
749 1567 906 1633 Fabretto
922 1567 1085 1648 vulgatae,
1108 1567 1209 1652 inqua

116 1676 270 1735 auctoris
283 1671 419 1754 ascripti
433 1678 520 1746 sunt,
542 1689 609 1732 rma
622 1691 697 1734 cmn
708 1667 885 1752 Polygnoti
897 1669 1014 1734 tabula
1028 1669 1121 1752 apud
1134 1668 1209 1732 Pau·

116 1771 255 1841 nudam,
278 1772 535 1853 rompamtimre,
557 1791 643 1836 nuno
657 1778 767 1836 autmn
780 1771 884 1835 multo
909 1771 1019 1850 magis
1039 1790 1085 1833 ox
1110 1769 1208 1834 Procli

118 1869 327 1951 langueam.
350 1870 535 1953 conjectare
557 1872 647 1947 licet,
674 1868 842 1956 Virgilium
874 1868 1066 1952 potissimum
1094 1868 1208 1934 Aretini

117 1970 203 2031 ’rana
230 1970 361 2058 πέρσιδι,
384 1981 412 2033 et
442 1993 510 2032 rura
535 1969 593 2034 linc
622 1969 748 2036 Lrscltei
779 1970 914 2035 Iliadem
942 1992 1075 2054 parvum
1102 1991 1208 2055 expres·

115 2071 209 2138 risse:
238 2074 341 2137 multa
363 2080 483 2148 166666,
506 2080 543 2136 ut
565 2073 650 2137 inira
664 2075 698 2137 in
718 2075 860 2156 singulis
881 2073 1081 2150 videbimus
1097 2074 1208 2157 passim

114 2194 158 2249 ox
182 2174 314 2239 Grmcis
339 2172 543 2255 ngoediis,
555 2175 706 2255 inprimis
726 2173 907 2257 Euripidis,
930 2172 1053 2239 bansta
1067 2176 1207 2238 intertex-

115 2275 217 2351 uisso,
239 2276 329 2359 quod
343 2281 393 2338 tot
405 2275 482 2338 1666
502 2293 548 2337 aa
574 2272 719 2336 Hecuba
737 2282 770 2338 st
792 2273 981 2337 ‘l'roadibus
994 2272 1148 2339 traducta
1160 2275 1207 2339 66

115 2383 212 2452 6661;
244 2383 281 2439 ut
308 2376 440 2439 omuino
463 2372 656 2456 Euripidem
685 2375 860 2456 plurimum
885 2376 1040 2440 videatur
1057 2377 1207 2459 probasse

115 2474 287 2557 Virgilius.
333 2475 436 2554 Quod
448 2482 561 2539 autem
574 2474 683 2555 pobtae
706 2477 852 2538 animum
866 2475 1021 2557 inprimis
1038 2475 1083 2539 ad
1098 2484 1207 2558 tragoe·

113 2577 187 2639 alias
201 2577 406 2658 fructumque
420 2574 496 2638 inda
522 2573 567 2638 66
589 2574 771 2638 ornandum
785 2577 917 2658 epicum
940 2594 1075 2640 oarmen
1096 2577 1208 2641 uberri-

113 2695 204 2739 mum
228 2676 406 2758 petendum
429 2676 538 2757 potuit
562 2683 754 2740 convertere
766 2684 801 2741 et
823 2675 999 2753 adducere,
1022 2676 1089 2742 boc
1114 2678 1208 2742 tuisse

115 2776 262 2853 arbitror,
285 2776 374 2859 quod
397 2795 519 2856 magna
533 2776 716 2841 fabularum
729 2777 927 2843 Graecarnm
940 2798 1021 2860 pars
1037 2779 1082 2847 ab
1098 2777 1208 2852 anio,

113 2877 231 2953 Accio,
264 2877 362 2942 Livio
392 2877 596 2954 Andronico,
624 2878 760 2956 Xaerio,
782 2878 947 2955 Pacuvio,
968 2877 1131 2958 Varrone,
1153 2880 1209 2944 sor·

112 2998 172 3042 san
186 2987 219 3043 et
241 2980 328 3057 aliis,
350 2981 450 3045 latine
472 2987 542 3044 erat
566 3000 735 3046 conversa
780 2979 946 3044 Proficero
967 2999 1012 3043 ox
1036 2979 1091 3043 bis
1115 2982 1209 3064 polita

111 3100 178 3145 non
192 3102 308 3165 parum
322 3083 446 3160 debuit,
467 3103 533 3146 non
546 3083 646 3147 modo
669 3083 712 3147 ad
726 3082 921 3147 narrationis
939 3082 1145 3159 varietatem,
1160 3101 1209 3145 ro

112 3204 182 3246 rum
208 3187 309 3250 multo
338 3187 445 3268 magis
471 3185 515 3250 ad
540 3186 700 3250 orationis
727 3185 886 3268 pobticae,
916 3183 970 3246 cui
999 3182 1207 3247 elaboranda

112 3284 261 3365 inprimis
275 3286 437 3364 studebat,
453 3289 646 3369 digrritatem
660 3292 693 3349 ot
706 3292 869 3350 ornatum.
914 3283 989 3347 Etsi
1002 3285 1094 3348 onim
1108 3283 1209 3353 diver·

111 3385 244 3447 sissima
267 3387 469 3467 sittragicae
494 3389 665 3469 rpicaeque
686 3388 844 3451 orationis
858 3384 997 3462 indoles,
1019 3390 1130 3451 tamon
1151 3392 1209 3448 tra·

111 3485 187 3565 gina
201 3485 261 3548 illa
273 3487 378 3550 oratio
395 3486 591 3569 Virgilianos
619 3487 757 3550 dictioni
772 3487 969 3568 gravitatum
983 3485 1090 3563 illam,
1113 3503 1209 3568 quam

110 3593 277 3668 tantopere
290 3589 455 3665 miramur,
465 3596 497 3652 et
511 3588 726 3670 majestatem,
738 3587 899 3651 interdum
912 3583 1053 3660 δεινότητα
1068 3587 1209 3670 aliquant

111 3688 319 3766 rhetoricam,
352 3691 612 3773 eloquentiaeque
635 3689 735 3751 modo
754 3691 903 3772 sopiam
927 3687 1030 3751 niodo
1059 3708 1209 3764 acumen,

110 3808 323 3871 comparasse
337 3791 473 3854 ridetur.
521 3788 632 3867 Quam
646 3789 789 3871 proclivo
813 3796 923 3852 autern
946 3788 1091 3871 Virgilio
1106 3790 1209 3867 suerit,

109 3894 143 3953 in
161 3892 247 3954 bello
262 3890 442 3955 et'excidio
463 3892 623 3973 Trojano,
646 3890 768 3973 dequo
790 3912 877 3955 nunc
892 3890 1105 3973 potissimum
1121 3911 1209 3975 quae·

108 3992 221 4070 rimus,
245 3993 415 4056 tractando
428 3999 461 4056 ot
471 3994 624 4057 ornando
642 3993 856 4074 'l'rugicoruru
869 3990 1010 4056 inventis
1024 3978 1089 4070 ull,
1113 4013 1159 4058 ox
1171 4012 1209 4063 eo

109 4095 292 4177 apparabit,
325 4095 354 4158 si
380 4095 619 4178 tragsoediarum
637 4094 735 4179 bajus
755 4093 1110 4178 argumenti-copiam,
1132 4097 1210 4164 inter
