2664 4686
606 335 882 390 BXOURSUSSIX.
914 334 917 341 '

191 487 310 572 potuit,
333 485 391 569 qui
405 483 522 550 AEneae
537 484 673 550 domum
686 485 723 549 in
736 484 805 550 alia
816 483 911 549 urbis
922 487 1018 568 pute
1031 481 1136 547 situm
1147 500 1221 547 esso
1231 492 1277 547 ui·
1323 470 1332 550 Ι

191 589 263 665 luit,
277 586 364 651 unde
378 605 459 651 mox
481 584 525 650 ad
549 605 658 651 arcem
682 592 874 651 accurreret.
917 582 1278 670 Apponam-Heilaniti
1323 570 1332 632 '-

192 688 318 765 lesbii‚
355 688 568 754 vetustissimi
592 689 774 773 scriptoris,
813 689 1045 753 narrationem·
1066 704 1126 771 ap·
1156 683 1278 769 Dionys
1324 673 1332 730 ¹

194 791 309 857 Halic.
326 808 352 870 1,
366 790 420 856 46.
433 793 488 857 47.
527 791 615 857 Urbe
629 797 742 875 capta,
756 793 873 875 inquit,
890 791 1015 855 AEneas
1030 787 1279 867 onmsuisDu·
1324 775 1332 834 ¹

194 894 349 961 duniisse
363 895 535 977 reoepitin
549 888 948 978 aroemPergamumstri
961 892 1010 955 aui
1026 888 1156 976 tapeta-oi
1176 892 1281 975 mgis
1326 875 1332 934 ¹

194 998 252 1071 τοῖς
278 997 387 1086 Τρωσὶν
409 993 452 1076 ἦν,
475 1016 613 1079 eamque
627 996 781 1061 defendit.
825 992 911 1059 Cum
933 999 1045 1058 tamen
1057 990 1204 1071 videret,
1219 990 1281 1057 ho}
1326 977 1332 1034 ¹

195 1099 287 1163 tium·
303 1101 463 1183 impetum
485 1100 543 1163 diu
565 1099 715 1163 sustineri
739 1117 805 1162 non
827 1116 936 1181 posse,
961 1096 1135 1160 hominum
1158 1102 1283 1177 eorpus
1326 1077 1332 1138 ¹

197 1199 245 1263 noi
268 1196 309 1263 roi
335 1198 394 1286 irpri
407 1197 447 1263 τᾶ
467 1202 590 1287 πατρῷα
613 1204 647 1264 et
668 1217 751 1282 opes
768 1218 897 1264 servare
911 1196 1038 1275 studet3
1061 1202 1149 1273 tum,
1172 1193 1284 1259 infit!
1326 1175 1332 1234 ¹

196 1301 404 1367 multitudine
418 1302 602 1385 praemissa,
617 1301 691 1383 ipse
704 1319 780 1363 cum
789 1299 970 1382 juvenibus
981 1300 1017 1363 in
1030 1296 1108 1363 ldae
1120 1296 1284 1361 muniflua
1326 1238 1332 1356 ¹

196 1402 275 1468 loett
288 1402 453 1481 discessit,
475 1400 609 1487 ἀγόμενος
633 1402 677 1463 art
699 1403 762 1473 ταῖς
776 1396 908 1486 συνωρίσι
929 1398 979 1462 τόν
997 1424 1030 1462 τε
1043 1395 1160 1484 πατέρα
1172 1396 1220 1460 nei
1231 1394 1283 1467 nis
1326 1367 1332 1442 Ι

198 1500 270 1578 tois
297 1501 455 1589 πατρῴους.
499 1503 582 1566 Inde
604 1502 746 1566 induciis
773 1520 849 1565 oum
872 1501 1021 1565 hostibus
1049 1500 1153 1565 facus
1175 1498 1283 1563 dim·
1326 1483 1332 1578 Ι

199 1607 256 1683 sit,
285 1603 462 1693 παραλαβὼν
489 1604 535 1668 τὸν
560 1601 670 1690 πατέρα
695 1603 745 1664 καὶ
773 1604 811 1663 τὰ
834 1597 877 1677 ἴδη
900 1606 955 1664 τῶν
980 1601 1045 1663 trois
1077 1599 1112 1665 h.
1137 1619 1169 1663 e·
1197 1601 1282 1665 dnn
1326 1583 1332 1648 ¹

200 1709 304 1774 laura.
350 1708 394 1771 Et
416 1727 495 1790 agro
519 1707 681 1770 Laurente
706 1711 806 1787 capto
829 1729 860 1772 c.
875 1705 929 1768 56.
953 1704 977 1768 s.
998 1704 1057 1767 alii
1074 1698 1283 1767 inlocmu'in
1326 1685 1332 1756 i

201 1808 326 1874 dictum
340 1804 484 1872 Penates
499 1804 553 1886 (τοί
567 1804 610 1883 ἴδη
624 1811 679 1871 τῶν
691 1804 770 1891 θεῶν)
789 1807 963 1871 enavibus
976 1805 1128 1883 efferunt,
1150 1803 1284 1869 aliivao
1327 1763 1332 1882 Ι

199 1909 300 1972 bases
325 1906 449 1993 (βάθρα)
473 1914 507 1971 et
530 1926 604 1971 aras
626 1909 711 1990 ipsis
734 1913 893 1984 statuunt,
917 1907 1070 1970 mulieres
1093 1910 1206 1970 auteur
1223 1920 1284 1969 eum

200 2008 328 2073 idulatu
341 2012 375 2072 et
388 2008 515 2073 choreis
529 2027 626 2072 sacra
638 2014 887 2092 prosequuntur,
909 2014 942 2072 et
955 2027 986 2072 c.
1000 2008 1044 2072 57
1064 2004 1188 2092 ἱδρῦπαι
1198 2001 1237 2069 eri
1250 2001 1284 2077 dr
1331 2081 1332 2086 ἵ

200 2113 256 2174 τῶν
284 2109 347 2173 aa
375 2112 401 2175 o
429 2115 470 2194 τῷ
504 2108 660 2195 κρατίστῳ.
704 2109 810 2176 vides
836 2109 1005 2174 ueneno
1026 2110 1132 2174 verua
1159 2108 1285 2173 murm
1329 2093 1332 2236 y

201 2210 313 2298 poetae
328 2212 438 2276 animo
452 2210 632 2287 insedisse3
655 2216 688 2274 et
701 2211 848 2292 viguisse
859 2211 991 2275 omniuo
1001 2209 1126 2274 famam
1135 2208 1287 2293 muanr
1330 2249 1332 2286 y

202 2313 244 2377 de
258 2314 398 2377 servatis
412 2311 525 2394 Trojae
540 2309 725 2373 simulacris
739 2316 903 2372 vaurstate
917 2330 978 2373 sua
986 2309 1208 2374 venerandis:
1223 2316 1286 2392 'qua
1331 2349 1332 2358 .

202 2414 337 2480 excidio
350 2413 442 2476 urbis
457 2413 545 2476 sacto
560 2430 674 2474 seeum
687 2410 861 2473 abduxerit
874 2411 1012 2474 AEneas.

249 2514 366 2580 Fuisse
380 2518 490 2577 nutem
506 2512 648 2575 Penates
663 2511 842 2575 simulacra
849 2509 1007 2590 Deorum,
1016 2514 1051 2573 et
1064 2509 1216 2593 quidem,
1228 2524 1290 2575 euru

204 2616 248 2679 ab
263 2615 371 2678 AEnea
384 2612 509 2695 portari
532 2617 679 2693 possent,
701 2611 820 2693 lignea,
846 2611 1016 2695 formaque
1032 2609 1291 2685 Deorum-saun,

195 2714 296 2778 vittis
320 2716 485 2787 coronata,
511 2730 554 2775 ex
576 2711 660 2774 locis
684 2731 778 2795 seqq.
804 2731 964 2796 apparere
985 2712 1134 2777 videtin:
1159 2711 1292 2777 1'11AEn.

205 2813 270 2877 148
293 2818 302 2847 ⁶
319 2810 455 2894 Effigies
469 2826 574 2876 sacrae
591 2811 715 2875 Divum
731 2810 930 2897 Phrygiique
945 2811 1101 2891 Penates,
1113 2811 1225 2897 ,Quos
1238 2830 1294 2877 me·

204 2933 280 2978 cum
306 2912 454 2996 a'l'roja
475 2912 656 2996 mediisque
669 2932 713 2978 ex
736 2914 869 2995 ignibus
887 2917 980 2981 urbis
1004 2915 1214 2993 Extuleram,
1241 2911 1297 2979 risi

205 3021 281 3080 ante
304 3015 421 3080 oculos
444 3020 553 3079 astare
570 3013 736 3098 jacentis‚’
761 3021 795 3078 et
809 3034 842 3078 v.
856 3015 922 3080 173
945 3020 1084 3082 ‘coram
1106 3022 1298 3097 cognoseat

206 3118 315 3183 vultus
330 3116 535 3201 velatasque
558 3135 672 3180 comas
687 3117 933 3200 praesentiaque
954 3136 1014 3181 ora
1036 3117 1191 3182 videbar.
1233 3115 1299 3180 Ser·

206 3221 281 3284 vius
296 3218 341 3284 ad
357 3236 413 3296 ιιι,
438 3219 503 3284 148
521 3219 594 3283 haec
608 3219 721 3283 habet:
747 3222 757 3250 ‘
772 3217 882 3284 Varro
897 3237 976 3284 sane
990 3210 1118 3283 Renum
1133 3216 1299 3283 Humane·

207 3340 278 3384 rum
293 3321 439 3385 secundo
453 3322 510 3397 ait,
533 3319 675 3384 AEneam
691 3320 783 3384 Deos
797 3317 943 3386 Penates
966 3321 1002 3385 in
1027 3319 1165 3385 Italiam
1189 3316 1301 3384 redux·

206 3420 273 3485 isse
283 3420 363 3504 (hoc
379 3427 413 3486 et
428 3418 579 3484 Macrob.
597 3438 653 3497 111,
679 3422 701 3484 4
721 3419 865 3504 repetit),
888 3421 1044 3506 quaedam
1064 3420 1181 3502 lignea
1194 3421 1248 3486 vei
1259 3420 1300 3486 la·

207 3521 310 3606 pidea
329 3521 450 3603 sigilla,
472 3522 562 3604 quod
587 3521 754 3585 evidenter
783 3522 939 3606 exprimit
962 3521 1124 3590 dicendo:
1148 3521 1302 3606 ‘Effigies

208 3641 314 3687 sacrae
329 3621 454 3687 Divum
469 3621 668 3706 Phrygiique
685 3622 829 3686 Penates
839 3621 859 3702 ;'
880 3623 1034 3704 quamvis
1048 3623 1119 3688 ulio
1132 3623 1212 3689 looo
1226 3621 1301 3687 aurs

207 3724 381 3807 opiniones
395 3729 530 3788 secutus
545 3722 678 3787 diversa
699 3720 838 3788 dixerit?
882 3721 1037 3801 Romam,
1062 3726 1099 3786 ut
1121 3742 1205 3789 mox
1220 3721 1301 3787 ride·

208 3824 328 3904 bimus,
353 3825 487 3890 deducti
501 3843 624 3889 monna
637 3826 780 3907 primum
791 3824 949 3906 religione
962 3825 1089 3901 haberi,
1109 3832 1193 3891 mox
1204 3829 1301 3889 amer

209 3927 377 3992 hominum
406 3927 601 4009 conspectui
629 3925 750 4008 subjici
776 3943 817 3988 ao
840 3925 969 4008 vulgari
990 3929 1175 4007 coeperunt.
1219 3922 1300 3989 Nm

210 4027 352 4113 Dionys.
368 4027 484 4093 Halic.
500 4044 524 4103 r,
549 4026 593 4090 68
618 4024 738 4091 Romae
763 4026 798 4089 iu
823 4025 896 4094 aede
921 4024 1030 4092 Deum
1053 4023 1233 4093 Penatium
1247 4020 1299 4087 rut

211 4126 381 4219 Veliistv.
395 4129 497 4233 paulo
511 4123 601 4213 ini),
626 4127 692 4195 duo
717 4125 843 4196 Genios
862 4147 921 4197 seu
944 4127 1176 4199 addeseontes
1197 4126 1297 4195 seda·
