2664 4686
551 300 780 402 0000100.
1104 340 1207 406 ,4470

92 488 253 552 .·.(iiris.
274 491 317 550 ln
329 509 395 555 earn
409 482 1207 621 0000001000100000.8001ιί010οΜοιομιο

92 585 330 665 ·.·.typograph
345 586 652 649 8011000ῖο101100038.

92 680 195 752 1609
206 683 316 759 Opera,
332 701 399 741 cum
412 683 505 742 Servii
519 683 743 743 commentariis.
764 681 887 743 Parisiis.
901 684 953 746 fol.
1041 735 1045 741 .

92 806 150 849 ,--
165 777 313 855 Virgilius,
336 797 404 837 cum
427 777 502 837 uotis
516 779 673 839 variorum.
703 779 880 856 Autverpiae.
902 787 930 840 8.
971 778 1209 843 1000010011οι-

142 871 226 939 lesio
239 873 270 931 in
283 872 447 932 lutroduet.
460 872 498 932 ad
511 878 580 934 Not
594 873 637 933 lit.
653 875 738 933 Rom.
761 874 838 935 Part.
856 892 893 935 ιι.
908 878 973 954 pag.
989 885 1059 949 309.

92 966 272 1041 -Cnlex,
285 987 353 1027 cum
367 976 523 1028 comment.
545 968 622 1028 Prid.
636 968 833 1028 Taubmsuui.
846 971 1020 1050 Vitebergoe
1043 980 1071 1035 8·

94 1061 197 1125 1610
217 1066 329 1142 Opera,
354 1084 423 1126 curn
444 1064 549 1129 Servio
573 1064 607 1125 P.
622 1065 764 1124 Danielis.
784 1065 913 1126 Colonia
926 1067 1077 1148 allobrog.
1088 1077 1125 1128 ·.4
1166 1069 1210 1128 Er

150 1158 284 1221 editiore
300 1161 387 1222 1600.

92 1280 153 1331 ,ο-
173 1256 283 1334 Opera,
317 1276 385 1316 cum
408 1256 479 1336 figg.
504 1254 666 1316 lectionum
693 1256 894 1328 varietatibus,
921 1267 952 1317 et
974 1198 1212 1319 doctissimorum

151 1350 282 1412 virorum
302 1352 420 1413 scholiis
443 1374 480 1413 er
505 1353 590 1412 variis
616 1353 825 1430 interpretibus
850 1355 1007 1433 congestis,
1031 1354 1062 1414 iu
1088 1355 1212 1433 gratiam

94 1504 98 1509 .
129 1447 294 1511 ,studiosas
312 1449 478 1524 juventutis
500 1448 599 1508 denuo
622 1448 711 1510 edita.
732 1451 897 1527 ‘lurpeusis
920 1459 950 1510 et
973 1450 1050 1530 typis
1076 1450 1213 1512 Priderici

151 1542 329 1604 Hartmsnui
343 1544 525 1622 bibliopolae
540 1545 723 1606 Francot‘urti
736 1546 774 1605 ad
789 1546 937 1606 Oderarnl
959 1556 987 1608 8.
1027 1545 1216 1606 Proemittitur

94 1700 98 1709 ,
151 1637 226 1698 11010
238 1639 358 1701 editioni
371 1639 504 1718 prefatio
519 1640 593 1699 Phil.
605 1640 853 1701 Melancbthonis.
894 1642 1004 1699 Praeter
1016 1640 1092 1700 illius
1102 1640 1216 1701 scholia

151 1735 324 1812 marginalis
347 1736 437 1796 babet
459 1744 526 1813 post
540 1735 693 1812 Opuscula
706 1736 818 1812 Virgilii
840 1736 1043 1796 annotationes
1063 1736 1164 1796 breres
1184 1738 1215 1796 in

154 1828 299 1891 Bucolica
318 1840 349 1891 et
372 1832 529 1909 Georgica,
551 1829 667 1890 erariis
687 1831 891 1909 interpretibus
913 1833 992 1894 aJo.
1015 1832 1105 1892 Frisio
1125 1833 1216 1913 'ligu-

151 1924 221 1984 rino
233 1927 381 1987 collectas.
422 1929 496 1986 item
510 1925 703 1987 difficiliorum
719 1927 928 1988 vocabulorum
947 1929 1215 2007 interpretationem

152 2022 373 2082 Germanicam.
387 2042 439 2101 per
460 2023 596 2083 eundem.
636 2020 716 2082 'Puni
737 2043 774 2082 ex
800 2025 898 2083 Doleti
922 2025 1037 2084 Comm.
1062 2024 1156 2086 (101..
1181 2026 1215 2087 L.

152 2117 410 2179 annotatiunculas
429 2119 457 2176 in
482 2117 571 2176 libros
586 2117 716 2178 AEneidis
738 2117 939 2195 christophori
963 2119 1216 2198 Hegeudorphini.

94 2266 98 2276 .
154 2212 274 2272 lrnitata
285 2222 330 2273 est
343 2212 431 2291 igitur
442 2213 512 2273 edd.
523 2213 679 2290 'ligurinus
692 2212 739 2271 ,10.
754 2212 845 2272 Frisii.
959 2228 965 2239 ·

96 2296 1129 2389 ,400101000000000000001000.0000οι00,
1150 2313 1220 2390 npu-

153 2414 326 2480 grammats,
349 2413 408 2464 etc.
429 2423 497 2463 curn
511 2402 749 2462 annotationibus
763 2403 900 2464 brevibus
915 2424 951 2464 ex
965 2405 1052 2464 variis
1076 2407 1219 2486 interpre-

154 2497 238 2559 tibus
251 2499 391 2570 collectis,
411 2508 441 2558 et
460 2499 623 2558 difficilium
648 2499 860 2559 vocabulorum
884 2501 1123 2578 interpretatione
1145 2504 1220 2562 Ger·

150 2593 275 2654 snanica
301 2614 392 2673 opera
418 2595 466 2654 ,10.
491 2595 573 2654 Frisii
607 2595 752 2672 Tigurini.
788 2596 1005 2666 ‘Francolurti
1046 2596 1125 2673 apud
1151 2592 1219 2658 Nic.

155 2688 378 2773 ttotmsnu’s.
420 2693 475 2750 Est
487 2691 623 2768 repetitio
637 2691 687 2752 ed.
701 2692 834 2751 Francos.
852 2691 939 2759 1567.

106 2818 157 2833 -
177 2782 292 2845 Melcb.
314 2786 446 2845 laubani
467 2786 695 2864 archetyporum
719 2786 928 2864 analyticorum
954 2787 993 2846 ad
1020 2787 1161 2867 integram
1183 2787 1218 2849 P.

156 2879 271 2958 Virgilii
292 2883 370 2941 Mar.
393 2880 544 2940 AEneideus
565 2880 631 2939 libri
652 2897 715 2940 vn.
752 2881 873 2958 Liguicii
898 2882 980 2941 Siler.
1001 2891 1031 2942 4.
1081 2884 1220 2944 Bibliotb.

158 2975 288 3035 Erutick.
303 2979 336 3037 P.
352 2994 396 3036 tv.
411 2996 480 3055 pag.
499 2986 564 3038 tau.
582 3031 586 3035 .

109 3104 158 3119 -
171 3071 342 3133 Thesaurus
356 3074 389 3134 P.
403 3073 526 3152 Virgilii,
551 3074 579 3131 in
595 3091 764 3132 communes
784 3072 865 3132 locos
884 3070 1064 3148 jampridem
1089 3071 1218 3149 digestus

157 3189 178 3227 a
199 3169 294 3229 Mich.
317 3171 470 3248 Coysarrlo
491 3172 522 3229 S.
548 3172 572 3228 1.
594 3189 671 3228 nuuc
695 3170 733 3228 ab
757 3168 861 3227 eodem
882 3168 1048 3246 recognitus
1070 3177 1101 3228 et
1123 3168 1220 3229 iudice

158 3265 366 3342 locupletatus.
387 3274 394 3301 ‘
411 3266 558 3344 Lugduni,
573 3266 653 3343 apud
668 3266 712 3325 lo.
728 3265 904 3325 Pittehotte!
930 3274 975 3324 1οι

118 3360 199 3423 1611
221 3364 254 3421 Ρ.
270 3363 381 3440 Virgilii
396 3366 472 3424 Mar.
487 3361 587 3442 Opera
606 3381 708 3422 recusa
721 3363 749 3422 iu
763 3363 894 3439 Corpore
915 3369 1043 3419 veterum
1063 3361 1221 3420 Poetarum

160 3457 227 3516 101.
250 3460 409 3518 ‘Aureliae
424 3459 538 3519 Allobr.
563 3458 643 3536 apud
662 3459 743 3519 Sam.
758 3458 942 3536 Crispinum
962 3464 993 3515 4.
1023 3458 1089 3515 Vol.
1104 3474 1128 3518 ι.
1153 3477 1222 3536 pag,

161 3553 307 3622 600-748.
349 3556 425 3616 Vide
439 3576 487 3615 au.
505 3556 593 3617 1603.

121 3647 201 3711 1612
224 3652 271 3710 10.
287 3650 362 3711 Lud.
387 3652 425 3711 de
439 3654 468 3711 la
481 3653 579 3713 Cerda
603 3651 810 3712 commentarii
829 3650 857 3708 in
873 3665 920 3707 vr.
945 3648 1056 3725 priores
1070 3647 1161 3707 libros
1177 3652 1224 3708 AE·

162 3744 266 3804 neidis.
280 3747 413 3806 Madriti.
435 3748 485 3807 fol.
528 3749 615 3809 Cous.
634 3748 721 3808 1608.
765 3749 810 3804 De
824 3747 954 3822 Operum
967 3744 1076 3820 Virgilii
1099 3743 1225 3805 editione

163 3841 352 3918 Lugduueusi
372 3862 438 3902 cum
454 3854 613 3903 courmaut.
629 3842 734 3902 Cerdae
748 3841 807 3900 vid.
823 3861 870 3899 an.
889 3840 974 3911 1617.

106 3969 162 4005 ,-
175 3936 389 4013 compendium
404 3940 537 4015 Operum
551 3938 784 4017 Virgiliauorum,
796 3947 856 3997 taur
870 3936 973 4007 oculis,
990 3954 1077 4013 quarn
1091 3935 1224 3993 manibus

164 4033 291 4094 omnium
314 4034 490 4111 expositum,
513 4054 570 4094 aare
591 4054 626 4094 00
649 4033 745 4093 studio
770 4033 867 4110 Crisp.
888 4032 992 4090 Passaei
1006 4031 1223 4109 chalcographi,

163 4128 265 4188 Latine
278 4138 308 4189 et
318 4128 444 4190 Gallice.
468 4131 592 4192 ‘Ultrai
608 4131 674 4193 But.
689 4128 769 4209 apud
785 4129 886 4194 Herm.
900 4126 1059 4188 Borouloi.’
1073 4133 1102 4186 4.
