2664 4686
392 323 443 372 An
466 320 638 373 uuuruoe
661 322 734 373 ure.
758 323 783 372 r.
1067 310 1157 395 ⁴0⁴⁷

84 464 157 532 dire
173 465 287 531 omnio
300 484 330 529 u
351 464 481 532 Graecis
499 466 632 531 venisse
653 464 822 547 videntum
852 482 897 531 nn
920 465 1007 531 inter
1027 466 1155 535 ineolee

84 568 215 635 libuic
243 574 400 633 terrenum
440 569 562 632 truotui
596 586 716 632 nomen
743 584 919 633 commune
951 569 1156 653 impertitum

84 668 145 737 erit
158 690 200 735 ao
215 670 323 754 quale,
337 670 490 752 ignorari,
505 674 564 734 aut
576 669 700 747 verius,
713 669 838 735 nullom
852 672 984 736 omuino
1000 673 1044 736 ab
1058 674 1155 739 initio

84 781 163 859 ine,
178 788 347 865 putemur.
390 779 447 844 Ita
457 778 626 845 enim'iert
643 796 753 843 rerum
768 778 1001 863 bominumque
1014 781 1099 846 ratio
1113 801 1156 851 uo

84 900 133 960 oo,
146 887 187 946 ut
198 882 334 945 nomino
353 900 420 946 non
442 881 653 964 imponuntur
677 878 778 945 rebus
800 880 867 944 uiri
880 879 926 945 iis
947 887 1006 946 out
1019 882 1064 946 eb
1077 883 1155 949 eliis

84 985 202 1053 diriter
216 1004 253 1049 se
267 982 513 1061 dieoemeudie3
535 982 686 1066 adeoque
710 1000 772 1047 neo
794 983 889 1047 terrie
911 1000 953 1047 eo
966 982 1156 1067 regionibus

84 1086 208 1173 qrooite
219 1084 309 1151 suere
321 1085 455 1149 nomine
477 1083 542 1147 uiri
565 1083 735 1149 hominum
757 1084 965 1171 oommeroiie
981 1085 1155 1171 eubuotir3

92 1193 157 1253 uut
170 1186 375 1252 divum
389 1186 543 1269 stirpium
556 1204 597 1251 oo
608 1186 760 1268 gentium
780 1184 878 1251 redes
897 1184 1155 1269 designarentur,

84 1294 106 1356 li
126 1293 166 1353 ut
185 1288 314 1353 aoooloe
329 1305 370 1351 oo
384 1286 468 1351 fines
488 1284 597 1351 dirimi
609 1304 652 1352 eo
665 1287 735 1369 regi
748 1292 895 1371 possent.
940 1286 1143 1356 Inventuitu

84 1410 115 1459 ιο
137 1396 299 1457 mnarum
323 1390 457 1454 nomine
480 1388 603 1473 purtim
626 1390 711 1454 iuter
736 1389 871 1455 tribules
895 1408 937 1454 ao
964 1390 1158 1475 populum,

84 1492 171 1561 rum
184 1492 228 1557 eb
248 1490 398 1556 advenio.
442 1488 570 1555 Priorie
595 1490 725 1572 generis
743 1490 887 1569 nomino,
912 1489 948 1556 id
968 1491 1058 1575 quod
1080 1493 1158 1577 ipsu

84 1594 92 1661 i
117 1592 206 1659 ratio
230 1590 365 1657 eredere
388 1588 495 1675 jobet,
520 1588 564 1655 od
587 1596 746 1674 angustos
773 1595 909 1670 uectus,
932 1611 1018 1674 quoe
1045 1593 1160 1679 ulique

84 1696 163 1781 irps,
179 1693 294 1771 tribus,
307 1692 363 1757 vel
384 1708 465 1775 geno
484 1692 627 1769 terebat,
649 1696 858 1775 specume,
888 1692 957 1757 elie
976 1693 1158 1761 nominoio

84 1797 300 1873 reubffitere,
315 1793 384 1858 olio
396 1792 472 1858 iudo
486 1792 586 1859 letius
600 1792 644 1858 ed
663 1794 822 1876 proxime
834 1812 977 1878 querque
990 1793 1069 1861 loon
1080 1816 1157 1881 pro-

84 1898 123 1965 ni
145 1901 331 1980 coeperunt.
374 1891 480 1958 Aliter
498 1913 550 1959 res
572 1914 609 1959 so
626 1893 747 1960 habere
769 1897 880 1980 potuit
903 1896 939 1960 in
957 1897 1159 1979 nominibus,

84 2020 128 2067 ιο
139 2000 186 2064 ub
199 1998 339 2064 advenis
353 2016 414 2061 sou
437 1996 628 2079 negotiandi
652 2015 712 2061 sou
734 1998 865 2063 visendi
889 2017 993 2063 cauea
1011 1997 1094 2063 finer
1108 2001 1159 2063 in·

84 2101 171 2167 ersis
185 2099 428 2178 invenirentur3
449 2097 577 2182 quippe
585 2118 664 2182 qum
674 2118 830 2181 magnum
844 2105 1005 2164 terrarum
1016 2103 1158 2163 uectum

84 2220 116 2269 m
139 2202 186 2266 ub
199 2201 296 2265 initio
318 2198 489 2264 declarare
510 2203 663 2283 possunt,
685 2197 875 2273 dummodo,
896 2198 980 2260 finer
993 2203 1051 2262 aut
1064 2217 1159 2264 orem

84 2328 88 2361 ι
102 2301 203 2367 littus
214 2308 271 2367 eut
282 2302 443 2385 populum
458 2304 527 2363 tam
544 2302 612 2363 lete
634 2296 800 2381 protendi,
814 2297 928 2379 ¹primo
941 2296 1054 2362 stetim
1066 2297 1162 2365 aditu

84 2401 238 2469 netubot.
280 2398 334 2465 Gi.
349 2398 437 2462 Exc.
460 2414 489 2460 11
510 2401 595 2461 extr.
611 2395 654 2461 ud
668 2396 728 2460 lib.
746 2411 830 2462 v111.
874 2394 991 2462 Potuit
1003 2397 1091 2465 adeo
1100 2399 1170 2467 isti.

84 2522 207 2569 nerum
230 2502 359 2578 unctui,
386 2518 487 2582 quam
508 2497 643 2562 Italiam
665 2497 886 2581 appellamus,
908 2496 1003 2563 initio
1025 2518 1049 2563 u
1071 2505 1171 2568 certe

84 2625 122 2673 ω
133 2603 311 2667 maritimae
324 2608 419 2685 purte
433 2599 488 2664 vel
501 2599 578 2663 loco
592 2598 692 2676 iacto,
707 2616 828 2663 nomen
844 2599 1038 2684 imposibrm
1050 2618 1126 2667 ereo
1138 2622 1162 2668 u

84 2705 280 2781 micibus,
295 2702 385 2787 quod
403 2707 515 2767 tumen
536 2721 625 2765 nune
648 2702 852 2784 ignoramus.
898 2699 1059 2781 Nomine,
1080 2722 1160 2787 quor

84 2825 211 2882 nemus,
226 2800 361 2870 Grae'cae
386 2803 454 2868 fere
478 2802 616 2886 originis
638 2808 730 2867 sunt:
761 2822 875 2867 verum
888 2801 1003 2869 Greeoi
1015 2823 1083 2869 non
1095 2807 1174 2870 nisi·

84 2908 191 2992 dguoe
204 2905 325 2970 littoris
340 2910 464 2970 tractus
475 2906 519 2968 ob
529 2904 623 2968 initio
638 2904 788 2987 cognitos
802 2903 957 2969 habuere.
1004 2900 1161 2970 Saturnio

84 3007 186 3074 iidem
207 3026 339 3084 nomen,
353 3006 445 3091 quod
472 3006 657 3089 Dionysius
681 3005 798 3069 Halio.
824 3022 849 3082 1,
873 3006 918 3070 34
936 3006 1087 3089 putabet,
1100 3008 1161 3071 vix

84 3111 115 3176 it
126 3130 303 3176 commune
319 3130 359 3174 ac
384 3111 530 3192 vulgare,
546 3109 605 3173 sed
625 3114 677 3172 est
698 3105 893 3191 poetarum
914 3108 979 3171 etei
994 3108 1102 3190 primo
1116 3108 1161 3172 ed

85 3232 165 3277 oum
185 3214 331 3296 aliquem
351 3213 441 3276 eirca
463 3212 611 3276 Tiberim
633 3216 800 3295 spectasse
826 3209 966 3273 dicitur:
990 3225 1027 3274 v,
1042 3208 1086 3272 ed
1099 3209 1159 3275 lib.

84 3313 227 3379 111Exc.
245 3331 274 3377 11
291 3319 373 3378 extr.
420 3311 579 3396 Hesperie
598 3332 730 3389 nomen,
746 3318 868 3376 terram
890 3309 933 3375 ud
957 3309 1162 3376 occidentem

84 3421 153 3481 tem
167 3416 356 3493 declarans,
372 3433 546 3478 commune
565 3413 628 3477 fuit
646 3433 723 3477 oum
744 3411 932 3496 Hisponiu3
954 3416 991 3474 ut
1003 3411 1087 3476 sodo
1101 3431 1162 3496 ap·

84 3524 180 3593 erent,
195 3515 327 3581 Graecis
342 3536 387 3580 ex
401 3516 489 3579 omni
513 3514 650 3599 Europe
672 3515 812 3598 primam
830 3512 1163 3593 irmotrrieeeltulinm,
1298 3598 1301 3603 Ι

84 3619 189 3683 renisi
202 3619 413 3699 navigatione
439 3616 482 3680 ed
505 3617 660 3680 ulteriora
682 3616 783 3693 iacta,
807 3615 951 3679 iberiam
976 3634 1109 3699 quoque
1127 3617 1162 3679 in

84 3718 205 3784 ititiem
227 3720 371 3782 venisse.
416 3716 567 3800 Reliqua
588 3717 697 3782 ltuiiae
723 3719 868 3793 nomina,
883 3737 960 3781 oum
979 3723 1070 3781 certo
1081 3736 1163 3800 egro

84 3820 107 3885 el
130 3828 233 3884 oertae
256 3819 394 3900 regioni,
415 3838 516 3902 quum
538 3821 681 3903 primum
703 3818 852 3883 adierunt
870 3818 924 3883 vel
944 3818 1085 3882 coloniis
1099 3817 1166 3879 frea
1252 3872 1257 3876 .

84 3927 248 3987 morant
277 3918 400 3998 Graeci,
428 3928 541 3985 essent
581 3922 729 4003 propria,
758 3919 801 3984 ud
832 3921 1023 3984 remotiores
1048 3923 1164 3993 terroe,

84 4020 156 4089 odo
169 4023 343 4105 angustius
365 4021 466 4085 modo
489 4022 604 4099 latius,
626 4020 828 4106 tandemque
843 4021 887 4085 od
900 4027 1004 4086 totum
1017 4017 1105 4080 buno
1117 4016 1165 4079 ub

84 4122 206 4211 lpibus
219 4130 464 4207 procurrentem
478 4129 624 4189 tractum·
639 4123 730 4188 ibere
744 4123 911 4189 troduoto.
956 4115 1106 4180 OEootrt'o
1115 4116 1176 4181 ob
