2692 4974
115 633 204 708 ⁴³72
476 616 673 695 reuersus
694 640 865 698 contuere

116 786 240 855 meere
260 784 335 859 no,
352 783 520 857 nenses
543 782 625 847 nom
647 789 747 845 enen
770 781 861 855 tue,
881 778 994 871 mun
1009 768 1088 847 sir.
1103 754 1219 879 prm

118 907 178 969 que
190 884 342 946 lectionem
357 882 488 943 exbibet.

158 982 445 1050 Altercbartac'cus,
466 976 520 1039 tot.
543 973 706 1041 ednodum
728 993 843 1063 mcens,
863 994 921 1037 nec
943 995 984 1039 ex
1007 970 1127 1056 optimo
1136 995 1222 1045 esen·

118 1079 207 1160 ptari,
226 1078 314 1141 babet
328 1085 427 1139 tamen
448 1075 588 1137 lectiones
611 1073 759 1137 interdum
781 1073 830 1135 vix
843 1072 916 1137 stibi
929 1072 1049 1139 obrue
1091 1075 1224 1151 Arcess-

118 1178 192 1243 tione
215 1194 304 1238 manu
325 1174 432 1256 glossse
451 1173 528 1233 iuter
551 1170 641 1233 lineas
664 1169 823 1249 ascriptor3
844 1168 942 1249 multe
962 1168 1070 1243 etism.
1089 1168 1224 1237 uedeo

118 1271 266 1335 meliorem
281 1272 372 1333 modo
393 1271 424 1330 in
444 1268 620 1331 deteriorem
633 1266 802 1339 lectionem,
821 1266 994 1331 emendem.
1038 1266 1188 1331 rrutn
1197 1275 1224 1329 et

119 1367 262 1447 inprimis
283 1368 399 1448 pegiuis
421 1375 452 1428 et
475 1366 531 1427 sub
555 1365 700 1444 principia
723 1364 865 1427 librorum
886 1362 1023 1449 echaris
1035 1362 1068 1427 in
1081 1362 1224 1443 Virgilium

119 1464 247 1535 rsrmiur
269 1474 300 1528 et
321 1471 502 1544 argumente,
522 1472 553 1528 et
575 1463 632 1525 sub
655 1463 770 1527 calcem
793 1459 932 1539 subjecta
954 1461 1226 1527 emitteresne

119 1561 177 1625 etis
190 1561 313 1633 minora,
334 1581 403 1641 quoe
416 1561 473 1622 sub
484 1559 599 1639 Virgilii
611 1559 731 1623 nomine
743 1559 883 1630 seruntur,
897 1557 1046 1631 ceresiers,
1059 1556 1153 1621 ἀίω
1161 1574 1226 1621 uuo·

119 1660 201 1725 trulla
211 1660 317 1733 alum,
337 1657 588 1739 quemadmodum
608 1655 781 1720 recentioris
792 1655 919 1735 rlicujut
933 1661 1080 1737 peiorem
1091 1653 1227 1727 mmmm

120 1775 248 1836 quorum
263 1756 439 1836 compilator
451 1755 596 1834 ascriptus
610 1763 673 1816 est:
697 1755 831 1816 ‘Doctor
842 1753 922 1829 buce
931 1752 1139 1816 Maternus
1156 1750 1228 1811 Trn-

120 1852 189 1916 dent
201 1852 319 1917 Servius
332 1851 528 1931 subjungitur,
549 1848 603 1913 red
624 1850 786 1913 recentiore
804 1857 835 1913 et
851 1847 1144 1928 horridaseriptun.
1183 1843 1227 1908 ed

120 1951 324 2012 commentarii
338 1950 368 2013 iu
382 1948 530 2028 Georgica
543 1949 656 2011 calcem
669 1947 883 2010 subscribitur:
904 1946 985 2007 ‘Per
993 1942 1228 2025 Cupereml'bi

119 2045 196 2125 lippi
210 2045 248 2106 de
261 2045 404 2107 dressden
424 2064 503 2107 auno
522 2031 576 2107 dui
600 2044 812 2110 reccccnxr⁰.'
849 2043 933 2105 ldern
957 2061 1082 2115 nomen,
1105 2041 1158 2105 sed
1175 2040 1227 2105 ἐκ

120 2158 209 2212 auno,
231 2142 288 2202 sub
302 2141 389 2202 finem
404 2142 614 2202 commentarit
627 2143 657 2202 in
672 2139 826 2202 AEneidem
840 2137 1028 2218 ascriptum
1050 2157 1142 2218 quern
1166 2138 1229 2199 ‘rs-

122 2236 163 2296 bii
170 2237 295 2297 Plauttae
303 2237 341 2297 de
352 2236 513 2315 Fulgentio'
525 2236 621 2312 (Fabii
632 2235 801 2298 Plancindee
811 2235 970 2314 fulgentii)
982 2241 992 2271 ‘
1003 2233 1160 2314 Expositis
1169 2232 1230 2314 phi·

121 2332 274 2414 losopbica
288 2333 424 2393 AEneidos
439 2333 613 2412 Virgilianae'
627 2334 748 2412 excipit.
769 2335 822 2392 Est
836 2333 860 2391 is
874 2338 963 2393 notus
977 2332 1102 2393 libellus
1115 2332 1153 2393 de
1164 2351 1228 2393 con-

121 2428 243 2492 tinentie
257 2431 424 2509 Virgiliana.
466 2432 555 2493 Hunc
570 2431 713 2492 Codicem
727 2437 920 2491 memoratum
935 2429 1039 2490 rideas
1052 2429 1082 2490 in
1094 2426 1228 2509 Cypriani

122 2527 217 2590 Caici
233 2528 332 2588 Codd.
347 2529 424 2609 Bibl.
440 2529 535 2590 Goth.
549 2548 581 2606 p.
597 2536 646 2602 82,
666 2546 695 2587 n.
718 2543 887 2598 ccxxxvi,
912 2536 944 2587 et
957 2527 1096 2599 alterum,
1122 2527 1174 2607 qui
1188 2545 1229 2587 re·

121 2623 231 2701 quitur,
252 2644 284 2702 p.
301 2622 500 2693 106,n.n1v.

161 2718 297 2780 Tandem
313 2723 419 2780 tertius
433 2721 549 2781 octonis
565 2721 658 2781 forma
672 2720 808 2798 oblonga,
830 2718 965 2780 eontinet
978 2717 1147 2789 AEneidem,
1161 2717 1230 2777 mul·

122 2816 159 2881 tit
172 2815 325 2895 scriptores
340 2816 533 2895 compendiis,
547 2825 578 2876 et
591 2813 675 2875 valde
690 2815 793 2875 vitiose
807 2826 954 2887 exaratur,
969 2814 1229 2896 frequentibusque

119 2912 213 2975 lituris
234 2922 265 2976 et
288 2912 415 2974 indoctis
439 2913 692 2975 emendationibus
716 2912 825 2990 passim
840 2911 1045 2991 interpolatus.
1086 2913 1136 2974 Ad
1151 2929 1229 2975 ¹111.

122 3015 218 3069 temere
231 3007 277 3068 rel
290 3025 365 3070 xtv.
386 3009 526 3070 saeeulum
550 3028 699 3087 assurgere
721 3009 787 3086 ejus
812 3019 882 3069 otas
903 3009 998 3071 videri
1013 3019 1128 3090 potest.
1168 3010 1227 3071 Hos

121 3112 180 3165 tres
202 3104 303 3173 codd„
319 3106 500 3182 comparavit
521 3115 551 3166 et
576 3106 711 3167 lectionis
735 3106 905 3166 varietatem
929 3106 967 3167 ud
983 3106 1149 3186 marginem
1161 3104 1229 3167 edit

121 3198 259 3280 Gotting.
282 3203 430 3280 excerpsit
452 3204 501 3263 Jo.
521 3205 579 3263 Ge.
597 3202 722 3274 Meusel,
743 3203 793 3263 illo
816 3212 950 3282 tempore
973 3201 1084 3279 (1766)
1101 3201 1227 3281 juvente,

121 3296 275 3360 Seminarii
289 3298 461 3377 philologici
475 3296 611 3359 sodalitio
632 3299 789 3377 ascriptus,
810 3318 888 3358 nunc
903 3299 934 3357 in
948 3298 1119 3361 Academia
1132 3299 1229 3361 mun·

121 3395 203 3474 gensi
216 3396 412 3458 Historiarum
426 3397 580 3458 Professor
592 3397 631 3456 de
645 3396 735 3458 literis
749 3395 892 3457 historicis
906 3394 1125 3468 meritissimus,
1150 3395 1227 3456 Prin·

121 3491 181 3570 cipi
196 3492 361 3553 Marebioni
376 3493 574 3567 Breudeuba
588 3494 678 3557 Coos.
691 3492 752 3553 aul.

162 3604 238 3649 xlx.
260 3590 417 3651 obtulerat
431 3591 500 3651 milri
519 3591 653 3669 exemplo
667 3588 856 3652 humanitatis
870 3587 951 3651 haud
966 3589 1091 3669 volgari,
1113 3610 1169 3667 nec
1182 3609 1229 3670 ap

120 3683 255 3765 peilatus,
278 3687 394 3757 Sarius,
415 3696 620 3748 conterraneus
635 3708 716 3748 meus
738 3693 816 3762 (nam
834 3686 864 3748 in
879 3685 987 3747 iisdem
1000 3685 1227 3749 Chsmuicieusit

121 3780 177 3841 soli
190 3781 270 3859 apud
286 3782 417 3842 Miseros
432 3783 551 3856 finibus,
573 3784 602 3843 in
619 3784 727 3862 quibus
740 3786 798 3845 Ge.
813 3784 966 3844 Fabricius
981 3796 1071 3844 natus
1090 3795 1165 3857 erat,
1187 3784 1227 3842 lu·

120 3897 185 3940 cem
204 3887 325 3957 uterque
340 3879 530 3956 esperimus),
551 3880 702 3959 Virgilium
727 3879 864 3941 verietate
886 3879 1023 3940 lectionis
1043 3879 1228 3951 instructum,

121 3995 208 4054 quum
234 3998 272 4036 ex
294 3977 479 4056 autographo
500 3978 642 4037 Cortieno
666 3977 737 4039 olim
766 3978 810 4038 vir
832 3976 1023 4037 doctissimus
1048 3978 1228 4057 ascripserat.

120 4072 191 4132 Erat
203 4073 251 4133 illa
265 4095 301 4134 ex
316 4091 375 4137 xv.
389 4075 542 4136 codicibus
557 4085 709 4155 congestu,
724 4095 799 4155 quos
813 4085 912 4136 tumen
927 4073 1047 4134 Cortius
1061 4094 1120 4141 uon
1130 4080 1226 4135 omrtet

119 4167 281 4248 inspexisse
295 4170 386 4231 rideri
396 4172 502 4243 debet,
524 4182 633 4257 preter
645 4172 936 4251 Guelpherbytanos‚
958 4190 1035 4250 quos
1060 4171 1100 4232 ed
1115 4190 1148 4232 re
1165 4169 1226 4230 rnie·

120 4285 169 4326 sor
182 4287 250 4328 eum
264 4268 403 4329 habuisse
417 4269 573 4348 probnbile
586 4268 633 4331 tit.
676 4270 809 4332 Curtium
823 4267 945 4346 Virgilio
966 4268 1152 4330 recensendo
1171 4264 1227 4341 ani

120 4380 202 4425 nrum
214 4363 377 4445 appulisse,
392 4386 429 4425 ex
443 4364 600 4428 Thesauro
612 4367 657 4428 la
670 4366 816 4429 ctorisrro
829 4383 932 4425 norem
945 4364 1040 4427 Tou.
1057 4384 1081 4428 r.
1097 4384 1166 4447 png.
1181 4369 1224 4426 dd
