2664 4686
110 300 199 364 len)
543 312 743 363 excussus
766 312 792 362 1.

109 476 185 523 esse
206 456 326 539 potuit,
349 455 479 519 variata
498 454 734 539 illajamante
755 454 951 532 llommum,
977 455 1210 540 utpuulouse

109 553 274 637 diximus)
287 553 420 637 Ulyssis
432 555 613 619 erroresad
628 556 738 620 ltaliae
752 575 846 620 oram
859 557 1030 624 retulitne
1043 553 1208 641 disposuit

109 655 291 739 Circusque
304 655 388 720 adeo
402 657 585 720 insulam'
555 676 588 720 er
602 657 678 720 loco
690 658 885 740 assignavit,
909 658 971 740 qui
996 655 1127 722 cimai
1147 674 1210 741 pre

109 759 265 823 montom
277 763 312 822 et
324 763 441 840 portus
453 777 574 822 nomen
588 777 648 822 seu
663 758 774 822 trine
759 776 831 841 μω
850 757 969 822 babuit
992 776 1059 821 seu
1072 754 1209 820 indere·

100 861 209 943 sepit.
253 858 412 936 Nomina,
429 859 502 942 jam
516 862 550 924 in
565 859 800 942 monasticis
812 861 926 936 obvia,
952 878 1032 924 esse
1055 874 1209 923 omnm

108 960 195 1038 titis,
217 962 293 1043 ipsa
304 967 414 1043 etyma
426 960 565 1041 docent3
585 980 664 1025 nam
677 957 735 1022 Aia
748 966 801 1024 est
814 961 987 1042 antiquum
1003 976 1131 1022 nomen
1141 956 1209 1021 Tu·

109 1081 179 1142 rae3
200 1062 298 1126 frater
311 1060 422 1139 Αἰήτης,
437 1064 615 1144 terrigena3
636 1055 1080 1144 paterSol,etmaterPerse
1090 1055 1208 1123 0οω-

109 1161 184 1242 ina3
207 1166 361 1246 quoniam
374 1165 483 1227 insule
496 1166 530 1227 iu
543 1163 681 1227 Oceano
695 1161 890 1226 occidentali
904 1162 972 1224 sita
985 1159 1165 1224 ferebatur.

156 1260 247 1324 Circe
268 1261 418 1345 cenfficiis
442 1265 608 1329 celebrata
627 1269 680 1327 est
699 1262 777 1327 inde
790 1264 833 1326 ab
850 1261 1015 1325 Homero.
1064 1260 1144 1325 Fuit
1155 1260 1209 1324 boc

110 1364 320 1446 antiquorum
341 1373 534 1448 temporum,
558 1371 595 1428 ut
607 1365 787 1428 etiamnum
800 1365 881 1427 inter
894 1362 1049 1444 populos
1060 1361 1209 1425 barbaros

110 1468 323 1529 resestsatis
337 1465 500 1550 frequens,
524 1474 562 1530 ut
583 1466 714 1548 passim
733 1463 989 1528 inmiuusnotis
1004 1460 1207 1526 lociscrode·

110 1571 218 1631 oentur
230 1587 305 1632 esse
319 1569 437 1651 populi
451 1569 504 1632 rel
519 1568 653 1632 lumiliae
668 1568 722 1631 vel
735 1567 896 1640 homiues,
922 1565 983 1646 qui
999 1563 1170 1627 veneficiis
1180 1566 1209 1625 et

109 1671 250 1751 magicis
271 1672 400 1734 artibus
421 1670 593 1754 pollerent.
637 1668 692 1733 En
705 1668 868 1733 Strabone
880 1667 904 1730 l.
919 1682 951 1730 c.
965 1664 1028 1729 lib·
1045 1683 1081 1740 v,
1105 1665 1209 1749 pant

110 1786 144 1846 r,
169 1777 319 1853 apparet,
340 1772 515 1836 herbarum
537 1774 669 1856 copiam
692 1789 734 1834 ac
756 1769 973 1852 frequentiam
994 1767 1032 1829 in
1057 1767 1113 1829 bis
1136 1766 1209 1831 locis

109 1872 353 1935 memorabilem
366 1872 538 1936 nonnullos
549 1872 758 1956 prodidisset
778 1868 870 1954 quod
888 1875 1001 1933 tamen
1014 1869 1093 1950 ipse
1106 1870 1211 1951 potius

110 1971 156 2037 ad
169 1970 286 2036 Circes
299 1973 445 2037 fabulam
459 1974 748 2039 accommodatum
768 1973 915 2057 puerit:
939 1969 1014 2043 ouri
1040 1970 1070 2032 a}
1094 1970 1145 2031 ssi
1168 1990 1211 2030 rr·

1 2080 3 2083 ’
109 2071 235 2160 λῦῥριζον
257 2072 336 2152 rim,
359 2073 445 2159 τάχα
457 2076 502 2155 τῷ
516 2073 593 2160 μῦθῳ
607 2080 651 2160 τᾷ
664 2072 727 2160 11ρὶ
744 2070 850 2160 nme
868 2076 1119 2157 speraturor'mes.
1163 2071 1211 2134 De

108 2195 236 2240 veneno
248 2175 417 2241 mortifero
438 2179 473 2240 in
491 2185 601 2242 monte
615 2176 749 2242 Gircaeo
771 2176 918 2240 obscura
940 2179 996 2237 est
1015 2174 1160 2238 narratio
1182 2173 1211 2234 in

109 2275 222 2341 Audit.
239 2277 363 2341 Mirab.
379 2297 408 2341 s.
422 2279 478 2343 79.
523 2276 708 2341 Arboribus
722 2276 1022 2358 frequentissimum
1046 2292 1122 2336 esse
1143 2292 1213 2355 pro-

109 2377 307 2440 montorium
322 2375 499 2454 Circaeum,
510 2377 630 2442 diserte
644 2382 754 2440 nanat
763 2375 985 2459 Theophrast.
1001 2374 1097 2438 Hist.
1107 2373 1211 2437 Plani.

111 2492 147 2552 r,
160 2476 195 2552 9,
209 2478 359 2559 inprimis
372 2481 499 2562 myrtis,
511 2498 648 2562 quarum
659 2498 764 2560 genus
777 2476 912 2559 aliquod
922 2476 1047 2540 humile
1061 2481 1097 2539 et
1110 2473 1213 2557 generi

109 2579 283 2641 coronario
295 2579 484 2658 proximum
497 2580 713 2642 enasoebatur
728 2579 762 2641 in
778 2575 952 2658 Elpenoris
965 2574 1042 2659 (qni
1057 2595 1103 2638 ex
1119 2573 1213 2657 Ulys-

110 2678 158 2741 sis
171 2678 273 2740 sociis
287 2675 365 2757 suit)
378 2679 514 2754 tumulo,
528 2681 647 2741 ceteris
662 2679 880 2760 amplioribus
900 2676 1073 2741 dissimile.
1119 2674 1213 2755 Quod

110 2778 140 2842 si
154 2778 242 2840 lumc
256 2778 431 2858 exscripsit
445 2777 586 2855 Plinius,
601 2779 659 2841 lib.
677 2796 744 2855 xv,
760 2779 804 2842 29
816 2798 845 2841 s.
861 2777 916 2854 36,
940 2796 1064 2859 parum
1083 2778 1214 2860 diligen·

110 2884 159 2944 ter
182 2877 311 2941 dixisse
334 2875 439 2940 videri
462 2876 561 2942 debet
582 2880 756 2942 universe:
781 2877 1129 2961 ‘Myrtus-primum
1147 2876 1213 2942 Cir·

109 2978 193 3043 oeiis
205 2979 239 3042 in
252 2976 428 3060 Elpenoris
442 2979 567 3041 bimulo
581 2981 655 3043 visa
669 2977 829 3044 traditur!
874 2978 927 3042 Cf.
951 2979 1036 3044 Not.
1057 2979 1104 3043 ad
1117 3000 1152 3045 r.
1165 2978 1214 3044 11.

112 3077 218 3145 Fuere
240 3087 352 3144 tamen
376 3079 542 3163 ejusmodi
567 3080 691 3144 iabulae
717 3079 759 3142 de
781 3081 955 3143 arboribus
968 3084 1004 3144 in
1017 3081 1158 3147 bereum
1171 3088 1214 3145 tu·

110 3181 208 3246 mulis
231 3183 337 3246 enatis
357 3183 489 3263 plnres:
511 3183 560 3244 uti
584 3180 626 3245 de
649 3183 787 3266 platano
811 3182 845 3245 in
871 3180 1049 3245 Diomedis
1073 3182 1213 3247 tumulo:

111 3283 154 3346 cf.
170 3282 229 3345 inf.
246 3282 331 3346 Exc.
350 3300 360 3342 ι
378 3278 421 3343 ad
436 3282 495 3344 lib.
512 3299 570 3345 xi.

155 3380 309 3446 Ceterum
334 3379 445 3449 tabule
468 3379 506 3444 de
534 3381 624 3446 Circe
646 3404 712 3447 una
733 3403 777 3447 ex
799 3383 843 3446 iis
862 3402 938 3446 esse
951 3382 1100 3462 ridetur,
1125 3401 1215 3469 quam

111 3479 279 3544 Homerus
305 3483 349 3545 ab
369 3482 552 3563 antiquiore
576 3485 689 3566 aliquo
716 3483 817 3567 poeta
842 3488 1019 3546 tractatam
1034 3488 1216 3568 acceperat,

111 3579 170 3662 qui
192 3578 274 3645 sorte
297 3581 503 3663 voluptatum
523 3583 591 3645 rim
610 3583 653 3646 ad
668 3603 774 3646 mores
789 3582 979 3645 bominibus
993 3583 1164 3649 belluinos
1177 3587 1218 3648 in·

110 3677 262 3744 duendos
276 3683 339 3746 boc
355 3685 457 3766 myrto
483 3681 520 3746 de
547 3683 672 3744 mittatis
696 3705 715 3744 α
741 3680 830 3744 Circe
853 3683 887 3743 in
909 3679 1028 3743 belinus
1051 3681 1219 3748 numnius

110 3779 278 3847 docuerat.
321 3782 491 3846 Convertit
505 3783 661 3860 fabulam,
685 3792 720 3847 ut
735 3791 783 3847 tot
797 3785 891 3860 alias,
915 3782 1089 3848 Homerus
1104 3787 1141 3850 in
1154 3805 1219 3849 uar-

109 3881 269 3947 rationem
291 3886 349 3961 rei,
374 3903 450 3965 quae
477 3904 554 3947 vere
578 3887 625 3948 ita
649 3888 804 3963 evenerit,
832 3883 930 3949 etad
952 3883 1092 3968 Ulyssis
1114 3887 1220 3950 socios

110 3985 289 4051 transulit
333 3983 387 4047 ltu
417 3993 513 4046 vetus
543 3984 666 4070 mytilus
694 3982 838 4047 historico
868 3983 1013 4046 narratio
1042 3984 1137 4050 facta
1164 3990 1220 4048 est.

111 4077 199 4142 Sane
212 4083 285 4150 baec
299 4088 386 4151 intra
399 4082 600 4168 conjecuuae
615 4083 698 4148 fines
708 4085 899 4164 subsistere,
910 4103 972 4148 nec
983 4083 1222 4150 lidebistorica
