2664 4686
361 347 412 394 nn
436 346 608 397 assinos
637 349 709 398 ιιι.
734 351 788 398 ιιι.
1040 336 1128 405 4139

76 488 121 553 lii
148 506 231 573 pars
244 488 443 572 scriptorum
458 490 602 554 AEneam
614 492 649 555 in
663 490 842 559 Arcadiam
863 493 1043 559 adduxisse
1056 516 1126 561 ma-

76 596 179 667 ranis,
196 595 233 655 ut
261 586 483 653 Orchomenum
507 599 540 657 et
569 589 680 655 Netum
703 596 898 660 inhabitaret
919 602 951 661 et
978 594 1126 683 t'aptyos

76 693 109 758 ui
127 693 334 759 Mantineam
349 694 513 771 conderet,
540 715 561 760 a
586 694 681 780 Capy
694 696 839 780 'lhojano
859 698 965 763 dictas
987 700 1069 784 (hoc
1092 705 1128 765 et

76 796 143 861 rho
157 795 257 861 habet
270 796 329 860 lib.
346 813 433 873 xrrr,
449 797 561 879 pene
575 815 612 874 ι,
628 804 663 862 at
684 797 872 881 Stephanus
898 799 979 883 Byn.
1004 802 1039 864 in
1063 806 1127 865 lta·
1145 806 1150 815 ’

76 922 86 961 ι
103 918 129 963 a
144 897 256 983 Capy,
271 897 430 965 Anchisae
446 897 566 983 patre),
581 900 640 963 aed
655 901 714 965 alii
727 920 800 965 eum
816 903 863 965 ibi
876 910 1051 980 mortuum,
1067 903 1127 969 alit
1219 966 1232 985 ,

76 999 206 1067 [taliam
227 1000 424 1065 discessisse
446 1002 659 1078 tradiderant,
684 1003 866 1067 interillos
889 1004 1022 1088 quidem
1036 1003 1129 1069 Are·
1221 1086 1227 1091 .
1266 1070 1269 1079 ,

76 1122 84 1163 ι
100 1099 174 1187 (ita
185 1103 273 1165 enim
294 1102 467 1185 legendum
483 1125 544 1187 pro
566 1102 697 1189 Ἀρίσθῳ,
711 1102 831 1189 'Aporidos
845 1104 994 1194 γράψαντι
1008 1109 1047 1169 τὰ
1060 1106 1127 1191 ’Ap‘

76 1205 141 1281 rari,
166 1224 209 1268 ex
223 1205 338 1270 Schol.
352 1204 522 1288 Apollonii
537 1205 618 1288 Arg.
633 1224 674 1285 11,
689 1208 765 1285 500,
778 1210 881 1272 ctiam
894 1208 982 1292 apud
999 1208 1126 1291 Hygia.

76 1312 158 1373 hon.
184 1325 226 1384 11,
250 1308 272 1372 1
295 1313 305 1343 ‘
322 1307 477 1373 Ariehrus
490 1309 652 1392 Tegeates
672 1310 879 1375 historiarum
894 1309 1043 1393 scriptor'
1063 1311 1127 1393 leg.

76 1405 179 1472 artua
233 1408 278 1472 V.
305 1409 351 1472 ib.
377 1406 579 1492 Muncker.),
604 1413 688 1476 inter
711 1413 772 1476 hos
798 1418 907 1476 autem
935 1408 1127 1496 Agultyllus

76 1530 137 1589 mr,
152 1510 251 1594 cujus
265 1512 378 1594 elegos
391 1512 532 1594 apponit
546 1511 687 1596 Dionys.
701 1513 725 1577 1.
741 1530 783 1590 c,
808 1515 843 1577 in
866 1514 987 1598 quibus
1001 1514 1127 1578 AEueas

76 1611 152 1677 mbo
168 1610 262 1677 Naso
275 1611 361 1676 duas
374 1613 461 1676 filias
475 1613 659 1678 collocasse
677 1615 786 1698 iisque
807 1614 979 1678 relictis'in
992 1614 1127 1679 ltaliam

76 1718 231 1799 pause,
247 1715 280 1777 in
295 1734 360 1797 qua
378 1714 557 1779 Romulum
580 1716 736 1797 genuerit,
756 1723 965 1782 memoratur.
1007 1715 1128 1781 Emen-

76 1812 152 1881 ldus
166 1834 211 1879 ex
226 1814 284 1879 illo
296 1817 372 1881 loco
388 1815 552 1900 Pompon.
568 1816 648 1880 Sab.
663 1816 706 1880 ad
721 1834 779 1896 ιιι,
791 1819 868 1885 276.

76 1916 184 1981 maula
200 1915 375 2004 zacynthus
387 1924 441 1983 est
452 1938 499 1983 ex
513 1919 654 1985 adverso
670 1919 786 1985 Elidis.
839 1920 951 1985 Etiam
973 1921 1018 1987 ad
1040 1922 1127 1988 hauc

76 2018 166 2084 reaia
180 2021 351 2103 appulisse
364 2027 474 2087 narrat
488 2022 627 2106 Dionys.
645 2040 671 2101 ι,
684 2024 728 2088 50
741 2043 751 2102 3
782 2030 817 2088 et
836 2026 928 2087 erant
951 2021 1129 2107 Zacyndrii

76 2140 160 2205 ique
192 2122 398 2204 cognationis
430 2123 507 2205 jure
537 2123 645 2206 juncti
681 2124 848 2208 Trojauis.
907 2122 1128 2186 ‘Dardanum

76 2242 121 2301 Ι,
144 2222 245 2289 «Iovia
268 2229 303 2288 et
327 2223 470 2287 Electrae
499 2221 681 2289 Atlantidis
708 2225 823 2301 filium,
847 2224 931 2288 duos
953 2242 998 2286 ex
1024 2221 1129 2287 Batos

76 2342 111 2390 ιιι
122 2325 313 2408 suscepisse
327 2323 469 2401 tradunt,
486 2323 692 2407 Zacyndrum
704 2322 1024 2402 etErichthouium3
1046 2340 1129 2406 quo·

76 2422 190 2489 salter
201 2442 247 2489 ex
261 2425 380 2489 AEneae
393 2425 579 2508 majoribus
593 2429 674 2500 erat,
701 2424 892 2508 Zacynthus
914 2442 994 2521 vero
1008 2423 1129 2489 insulae

76 2522 193 2591 ditor!
237 2523 359 2589 Omnia
372 2525 461 2601 haec,
477 2525 540 2588 etsi
557 2524 744 2589 fabularum
759 2525 954 2606 ambagibus
968 2524 1128 2603 involuta,

76 2631 189 2690 nmen
202 2627 362 2709 pertinere
377 2626 540 2703 videntur,
555 2626 649 2709 quod
662 2626 798 2711 Trojani
821 2632 855 2691 et
877 2626 996 2691 insulae
1018 2626 1128 2710 hujus,

76 2734 256 2793 ceterorum
270 2727 429 2802 locorum,
445 2727 564 2791 incoloe
591 2728 747 2792 haherent
775 2727 923 2809 aliquam
946 2727 1129 2810 antiquitus

76 2829 272 2908 mationem
302 2833 395 2891 eraut
418 2828 560 2905 scilicet,
576 2830 640 2892 nisi
655 2829 810 2907 fallimur,
825 2848 940 2894 ornnes
954 2850 999 2894 ex
1012 2827 1130 2894 Pelas·

76 2950 137 2995 um
153 2930 257 3011 stirpe
272 2929 411 2993 oriundi.
466 2928 534 2992 Sed
546 2928 587 2992 de
601 2930 655 2992 his
671 2929 775 2993 alibi:
799 2949 831 2992 v.
848 2928 947 2993 Novi
955 2928 1129 2993 Commeu·

76 3030 177 3095 ‚Soc
194 3030 239 3095 R.
255 3030 313 3094 Sc.
328 3029 476 3112 Gotting.
492 3030 534 3093 T.
553 3047 577 3107 1,
597 3050 631 3112 p.
645 3032 699 3094 90.
746 3030 799 3093 De
814 3029 1027 3094 Erichthonio
1043 3030 1130 3094 Dar·

76 3134 100 3199 ιὶ
124 3140 161 3198 et
182 3132 294 3199 Batiae
320 3132 345 3196 f.
369 3130 413 3195 Ili
435 3133 533 3196 fratre
548 3152 581 3195 v.
596 3129 754 3213 Apollod.
771 3146 828 3207 111,
849 3130 904 3196 12.
924 3130 959 3194 2.
1004 3128 1129 3195 ‘Gom-

76 3242 189 3299 rantur
200 3236 255 3298 hic
269 3234 404 3317 aliquod
425 3234 584 3316 temporis
599 3234 743 3316 spatium
754 3231 903 3315 Thojani,
915 3238 948 3294 et
961 3228 1131 3313 indigena·

76 3356 94 3403 ι
122 3335 330 3400 humanitate
356 3337 488 3399 invitati
513 3342 547 3399 et
575 3336 716 3399 adversa
738 3335 949 3414 usupatione
971 3332 1131 3417 impediti.

76 3439 149 3503 neri
164 3439 198 3503 in
210 3438 346 3520 templo,
361 3436 450 3520 quod
461 3437 509 3500 ibi
522 3441 765 3513 exstruxerant,
776 3434 977 3499 sacrificium
991 3433 1130 3512 faciunt,

76 3539 114 3607 nd
138 3539 183 3604 ad
209 3540 273 3604 hoc
300 3558 405 3622 usque
428 3544 559 3623 tempus
583 3537 760 3622 Zacynthii
781 3537 915 3621 publice
937 3535 1075 3615 faciunt,
1098 3544 1132 3601 et

76 3662 99 3709 n
113 3643 182 3708 alia
195 3647 265 3707 turm
278 3640 379 3705 etiam
394 3659 511 3704 cursus
525 3639 706 3704 certamina
725 3638 914 3723 junioribus
933 3645 1130 3723 propommt.

76 3744 186 3809 nomae
211 3744 386 3827 praemium
410 3747 521 3806 autem
545 3741 696 3824 accipit
686 3760 729 3818 rs,
757 3760 814 3823 qur
805 3739 990 3822 templum
1004 3742 1131 3824 primus

76 3844 212 3917 reditur.
256 3844 381 3910 Cursus
395 3849 508 3909 antem
520 3844 575 3907 hic
591 3842 709 3907 AEneae
723 3848 757 3907 et
770 3842 911 3907 Veneris
926 3843 1131 3926 appellatum

76 3950 183 4012 natant
193 3947 371 4015 amborum
385 3943 529 4010 statua!

76 4044 213 4113 Faciunt
239 4054 272 4112 et
299 4049 373 4114 haec
403 4047 447 4112 ad
475 4046 587 4130 poeta
614 4045 720 4111 nostri
744 4048 849 4111 artem
854 4038 1130 4143 ‘aguemscendam

76 4150 240 4232 eyntlum
249 4150 304 4217 ille
317 4151 592 4216 tantumnomiue
606 4148 715 4231 attigit
737 4147 798 4214 lib.
821 4128 879 4223 ιιι,
900 4144 989 4223 2703
1018 4160 1132 4209 narra
