2664 4686
373 353 426 402 ro
450 335 620 404 naribos
642 352 715 401 mn.
742 352 790 400 vr.
818 383 820 393 ,
955 394 958 398 1
1055 320 1144 402 ‘4217

92 514 170 564 ram
182 497 309 580 virgam
323 498 443 562 AEreae
457 498 628 579 assignare
636 497 760 562 maluit.
783 496 838 564 Ita
851 497 950 563 facile
963 496 1141 581 intelligas,

92 597 319 681 ruodopoeta
333 600 376 662 ad
391 600 537 663 banarei
553 595 716 674 φαντασίαν
735 599 908 663 devenerit.
952 597 1000 664 Ut
1013 619 1142 663 aureum

92 718 162 765 mm
175 702 211 764 in
229 701 333 784 sylvis
357 703 525 764 inventum
550 720 624 763 osse
648 700 813 784 proderet,
828 702 860 764 in
880 706 1020 763 mentem
1035 701 1144 765 venire

92 803 145 869 nit
154 822 200 866 ex
213 800 386 885 Apollonii
402 789 528 865 Rhodii
543 802 685 866 lectione
693 802 734 865 de
748 802 868 865 vellere
881 820 982 865 aureo
996 803 1029 864 in
1045 801 1143 884 sylva

92 900 147 967 tia
158 902 218 965 lib.
236 919 285 979 ιν,
302 903 367 966 122
383 922 479 985 sqq.;
501 921 581 966 nam
591 908 624 966 et
637 904 668 966 is
677 923 773 967 sacer
786 902 937 966 Hecates
951 903 1047 967 lucus
1058 908 1140 967 erat.

92 1019 184 1067 turm
199 1008 310 1066 autem
324 1004 437 1066 omnia
451 1009 526 1067 sunt
546 1021 656 1080 aurea,
672 1006 772 1068 etiam
785 1006 819 1067 in
835 1004 924 1097 Delo
944 1001 1142 1091 χςόσειααγα·

92 1124 138 1167 m
151 1100 226 1189 ὅςας
238 1099 346 1179 'italae
369 1104 500 1169 Gallim.
512 1106 553 1176 in,
563 1105 638 1169 Del.
652 1106 728 1170 262.
773 1105 828 1169 Ex
842 1108 1019 1170 vetustiora
1033 1111 1141 1170 tamen

105 1200 286 1270 Heraclea
302 1225 362 1268 seu
377 1204 551 1268 Theseidis
562 1206 706 1270 carmine
718 1227 844 1271 ramum
857 1226 991 1271 aureum
1001 1207 1141 1290 petitum

92 1321 164 1369 aex
175 1305 234 1368 illo
250 1325 345 1370 versu
365 1308 539 1389 suspicor:
562 1307 723 1390 409,·quo
738 1306 867 1372 Charon
882 1309 1033 1372 miratur:
1058 1307 1140 1372 ‘do-

92 1404 255 1472 rFatalis
275 1407 382 1488 virgae
397 1407 496 1489 longo
509 1415 587 1491 post
611 1412 757 1491 tempore
772 1408 903 1472 visum!
949 1408 1053 1491 Igitur
1069 1410 1141 1494 jam

92 1507 203 1571 reales
219 1526 277 1571 seu
292 1507 442 1572 Theseus
457 1528 584 1573 ramum
599 1529 734 1573 aureum
749 1511 960 1592 praetulerant
973 1510 1140 1587 manibus,

92 1608 173 1672 rad
198 1607 327 1674 Inferna
351 1609 597 1674 descenderent.
642 1607 795 1674 Ceterum
818 1611 881 1674 hoa
905 1602 1035 1674 invento
1057 1612 1140 1674 bane

92 1713 177 1773 sest
199 1707 405 1774 Claudianus
424 1710 468 1773 ad
485 1712 633 1775 arborem
650 1729 784 1775 auream
798 1713 832 1776 in
853 1711 967 1774 inferis
982 1711 1065 1775 loeis
1079 1709 1140 1775 do·

92 1815 225 1888 tatem,
253 1830 330 1893 quae
353 1812 445 1874 inter
459 1811 528 1874 alia
559 1810 743 1876 Inserorum
766 1814 856 1877 bona
880 1810 1093 1894 Proserpina
1117 1830 1140 1876 a

92 1914 176 1977 dane
190 1911 371 1975 ostenditur
386 1911 428 1975 de
443 1911 488 1975 R.
504 1910 601 1977 Pros.
618 1930 660 1989 11,
674 1913 751 1978 290.
797 1911 984 1977 Exomavit
1007 1913 1071 1977 hoa
1086 1929 1139 1977 ar-

92 2010 269 2090 inaurare,
285 2033 362 2096 quae
386 2011 597 2097 Proserpinae
624 2032 722 2079 sacra
742 2019 804 2092 est,
817 2013 1016 2098 phantasma
1033 2011 1140 2098 Spen-

145 2111 250 2198 Fairy
261 2111 378 2194 Queen
393 2114 434 2179 B.
451 2133 494 2193 ιι,
510 2115 606 2182 Cant.
621 2133 690 2180 vrr.
713 2133 783 2181 urrr
797 2134 876 2200 sqq.

432 2433 746 2450 m

330 2664 708 2744 EXCURSUS
749 2663 841 2740 vll.
893 2669 939 2715 '-

475 2880 526 2930 DE
541 2878 693 2930 MISENO.

94 3050 123 3113 r,
137 3033 205 3099 162
233 3051 310 3117 sqq.
334 3033 388 3098 De
403 3029 528 3096 Miseno
543 3033 764 3096 narrationem
777 3031 915 3095 intexuit
939 3036 1072 3114 propter
1086 3033 1137 3097 fa·

92 3154 116 3202 e
131 3133 224 3219 apud
238 3133 343 3199 Italos
365 3135 605 3199 auctoritatem.
630 3131 675 3197 V.
692 3130 834 3195 Excurs.
852 3147 890 3194 ιν
907 3129 993 3194 adh.
1008 3131 1080 3212 lib,
1105 3141 1138 3199 et

92 3235 146 3302 nit
166 3237 271 3300 otiam
294 3235 469 3320 Elpenoris
483 3235 686 3317 exemplum,
703 3230 795 3316 quod
818 3237 1019 3314 sequeretur,
1045 3232 1136 3316 apud

92 3356 135 3401 nr.
150 3336 276 3422 Odyss.
291 3339 387 3415 4⁴51
403 3357 477 3420 sqq.
524 3335 704 3400 Molestum
729 3341 840 3398 tamen
861 3334 938 3410 hoo,
959 3334 1049 3417 quod
1070 3333 1137 3400 duo

92 3438 309 3504 memorandi
322 3445 427 3516 erant,
442 3439 501 3522 qui
515 3437 631 3501 andem
645 3438 714 3503 tato
725 3437 900 3520 perierant.
945 3434 1046 3514 Quod
1061 3457 1138 3503 eum

92 3539 193 3603 'cirtem
217 3541 363 3605 nobilem
376 3540 483 3603 fuisse
498 3539 606 3617 tradit,
622 3537 666 3604 cf.
685 3557 748 3618 ιιι,
763 3539 841 3614 239,
856 3538 892 3601 in
911 3537 975 3602 hoa
998 3538 1137 3606 Homeri

107 3643 341 3707 anctoritatem
369 3642 508 3719 deserit3
547 3659 623 3705 oum
653 3640 810 3723 'l'rojanis
839 3638 1041 3720 temporibus
1058 3658 1136 3707 ,nea

92 3759 141 3807 mn
163 3763 225 3807 neo
253 3743 372 3808 lituum
401 3743 567 3808 inventum
591 3742 696 3807 lirisse
726 3741 807 3805 satis
830 3744 968 3806 constet.
1014 3740 1138 3808 Maluit

92 3848 141 3931 [tta
153 3851 189 3910 et
201 3845 256 3908 hic
272 3846 416 3927 tragicos
427 3847 532 3927 sequi,
552 3865 585 3909 v.
602 3864 633 3908 e.
645 3843 842 3927 AEschylum
857 3841 995 3907 Eumen.
1009 3862 1043 3906 v.
1058 3843 1134 3920 ⁵70,

92 3941 187 4011 boel.
201 3942 260 4028 Aj.
274 3944 318 4008 17
331 3950 364 4009 et
383 3945 426 4009 al.
471 3943 557 4010 Mox
570 3965 604 4009 v.
620 3944 686 4008 172
706 3943 876 4008 Tritonem
901 3948 1003 4009 canto
1012 3958 1135 4025 provo·
1238 3920 1275 3942 '¹

96 4042 260 4110 llisanus.
305 4045 386 4110 Hoc
409 4047 655 4130 elegantissimo
679 4043 790 4132 politae
809 4045 941 4129 ingenio
959 4042 1070 4107 debari
1086 4041 1136 4107 ri·

92 4162 136 4229 rr,
148 4136 378 4215 adumbratam
392 4168 436 4214 ax
459 4150 625 4217 similibus
643 4147 889 4223 narrationibus
902 4142 993 4230 apud
1006 4146 1136 4214 ratores
