2692 4974
403 348 454 396 an
480 345 841 397 enarmonium.
1090 337 1178 401 4379

67 497 162 560 esset
171 491 331 567 societas,
345 495 446 574 utque
460 509 653 554 communes
667 491 826 557 utilitates
840 493 970 577 utrique
982 498 1017 557 et
1032 502 1179 561 manu'et

68 593 213 660 consilio
239 591 455 656 communiter
475 599 757 675 persequerentur,
803 593 919 658 Prima
942 595 1091 659 conditio
1112 595 1177 662 boc

67 697 148 765 loco
161 695 299 770 omissa,
315 712 393 757 cum
408 694 480 777 jam
492 695 536 758 ad
552 696 685 760 alterius
698 697 894 760 narrationis
909 716 1032 761 morem
1046 697 1178 763 deflexa

67 818 144 881 sup.
158 796 217 860 lib.
235 810 290 871 ιιι,
305 796 370 859 317
385 815 460 877 sqq.
476 814 517 858 ea
529 803 618 861 esset
639 797 814 878 exposita3
837 797 896 860 sed
912 799 1091 862 amicitiam
1105 819 1177 863 mn·

67 909 159 966 taam
170 900 315 983 bellique
337 900 532 963 societatem
553 903 579 971 (⁴
591 904 627 963 ut
643 917 834 963 communes
849 901 960 963 hostes
984 886 1177 985 amicosque

67 998 246 1077 tabenna:
265 997 394 1063 Auctor
419 998 461 1062 de
475 999 515 1061 0.
528 998 572 1063 G.
588 999 632 1062 R.
654 996 708 1081 ta)
729 1003 919 1065 accuratius
940 1001 1042 1083 poiita
1055 1021 1177 1066 execu-

66 1108 122 1169 tus
144 1109 198 1167 est
218 1100 398 1165 secundum
421 1119 476 1176 ea,
503 1119 578 1182 quae
608 1099 734 1163 foedere
756 1099 846 1165 facto
869 1103 1020 1166 evenisse
1043 1108 1178 1169 narrata

67 1209 155 1267 nt
201 1201 272 1266 Dat
280 1202 400 1266 AEneae
409 1200 549 1265 latinus
563 1201 663 1265 filiam
678 1200 854 1266 lanimem
869 1203 904 1265 in
914 1203 1176 1269 matrimonium

67 1303 158 1387 qnod
172 1303 363 1385 exemplum
385 1303 491 1366 secuti
506 1302 576 1378 alii,
596 1303 690 1366 brevi
709 1304 744 1366 in
758 1322 858 1366 unum
873 1303 1033 1387 populum
1042 1304 1176 1371 coales-

66 1411 159 1483 cunt,
182 1404 319 1488 Trojani
338 1409 373 1467 et
397 1401 609 1485 Aborigines,
639 1404 825 1485 abeuntque
846 1405 880 1466 in
902 1423 1021 1468 nomen
1043 1403 1176 1470 Latino·

59 1525 160 1571 rum:
183 1506 273 1571 coni.
290 1506 435 1588 Dionys.
458 1521 484 1582 r,
505 1505 560 1571 60.
605 1504 740 1568 Partem
753 1504 868 1569 barum
884 1526 991 1570 rerum
1004 1489 1089 1570 inter
1111 1506 1189 1571 Ju··

64 1609 165 1673 nonis
182 1627 303 1691 preces
315 1607 415 1672 iovis
427 1615 507 1672 nutu
522 1611 612 1670 ratas
627 1606 733 1671 incus
746 1607 855 1671 retulit
865 1608 923 1671 lib.
937 1622 1008 1684 x11,
1019 1607 1084 1672 821
1099 1627 1175 1690 sqq.

64 1707 173 1775 ‘eun
183 1711 257 1794 jam
273 1711 434 1774 connubia
447 1727 565 1792 pacem
574 1706 740 1782 felicibus,
751 1712 835 1782 esto,
848 1705 1176 1791 component-Neu

63 1808 176 1875 'l'roas
189 1811 261 1875 fieri
278 1808 411 1893 jubeas'
435 1814 499 1873 etc.
545 1806 699 1872 Ceterum
720 1808 789 1884 illa,
805 1828 882 1891 quae
896 1828 999 1891 supra
1020 1809 1055 1873 in
1078 1809 1176 1892 pacis

65 1909 312 1977 conditionibus
326 1910 483 1987 vidimus,
505 1917 543 1974 ut
557 1909 695 1974 Latinus
719 1910 849 1992 imperii
873 1930 1037 1976 summam
1059 1914 1175 1977 retine*

63 2019 127 2090 ret,
141 2017 211 2078 urm
224 2012 308 2079 boc:
330 2017 369 2077 ut
382 2014 577 2089 sermonem,
600 2010 762 2087 habitum,
776 2029 897 2075 nomen
919 2013 964 2076 ab
987 2010 1175 2096 Aborigini-

64 2111 282 2198 bns'l'rojani
296 2113 512 2189 asciscerent,
526 2113 675 2195 respexit
690 2110 793 2195 poeta
805 2112 841 2175 in
855 2112 999 2176 Didonis
1014 2113 1095 2178 diris
1114 2115 1173 2179 lib.

64 2212 299 2292 1v‚618,cum
314 2231 425 2297 pacem
439 2211 579 2296 iniquam
596 2217 704 2289 vocat,
719 2213 774 2275 cui
790 2212 917 2276 AEneas
931 2232 967 2276 se
990 2215 1175 2278 submissu-

63 2331 122 2379 rus
151 2313 208 2378 sit.
246 2312 383 2377 'Porum
408 2313 587 2377 verisimile
615 2319 678 2390 est,
698 2312 788 2395 quod
818 2311 934 2377 Livius
960 2330 985 2390 ι,
1009 2314 1032 2378 2
1054 2314 1173 2380 tradiit

64 2413 198 2480 Nomen
219 2413 413 2481 hinorum
438 2415 569 2497 utrique
593 2415 680 2496 genti
704 2415 907 2498 impositum,
930 2419 989 2479 ‘ut
1010 2415 1174 2480 adversus

63 2524 222 2582 terrorem
232 2514 312 2579 belli
326 2534 403 2580 cum
427 2514 565 2580 Rutulis
590 2516 718 2579 animos
736 2513 956 2598 Aboriginum
979 2517 1045 2580 sibi
1059 2518 1172 2581 conci·

62 2620 180 2685 lieret:
204 2636 247 2681 ne
261 2619 323 2683 sub
346 2617 464 2681 eodem
487 2617 561 2700 jure
575 2619 684 2681 solum
708 2617 880 2681 sedetiam
903 2619 1035 2683 nomine
1054 2638 1172 2684 omnes

64 2718 195 2787 eesent’

106 2820 223 2888 Altera
235 2826 288 2886 est
310 2819 502 2883 observatio
516 2816 660 2895 artificii,
682 2837 750 2901 quo
764 2818 864 2903 poeta
878 2822 1009 2885 erebus
1024 2828 1058 2887 et
1072 2824 1173 2888 sactis

63 2924 209 3009 plurium
223 2941 380 2986 annorum
402 2926 480 3004 post
494 2921 613 2987 AEneae
635 2920 678 2983 ad
703 2919 837 2985 Italiam
851 2922 976 2986 aditum
1000 2925 1098 3005 elegit
1111 2943 1172 3006 po-

63 3025 158 3101 tiora,
174 3023 342 3088 distribuit
355 3041 396 3087 ac
413 3021 578 3105 disposuit
592 3021 653 3097 sic,
668 3026 704 3084 ut
718 3022 752 3083 in
766 3040 897 3084 summa
909 3022 1067 3085 carminis
1082 3042 1171 3087 com·

63 3124 221 3209 prehendi
234 3143 275 3189 ea
285 3131 433 3207 possent.
478 3124 532 3189 De
543 3124 663 3206 quibus
677 3127 714 3186 ut
726 3123 846 3186 melius
860 3128 997 3199 constet,
1014 3119 1171 3205 subjicie-

62 3245 138 3292 mus
148 3231 306 3308 tanquam
320 3226 383 3291 sub
397 3245 498 3289 unmn
510 3226 660 3288 obtutum
679 3223 792 3287 varias
809 3222 1006 3306 scriptomm
1023 3229 1170 3289 veterum

63 3328 115 3392 bis
126 3326 169 3389 de
184 3326 282 3390 rebus
297 3328 512 3390 narrationes
949 3314 951 3319 ¹

107 3428 232 3493 Fuisse
255 3429 407 3512 primum,
426 3427 485 3511 qui
508 3428 639 3491 omnino
662 3427 809 3509 negarint
829 3426 883 3491 vel
909 3426 1098 3505 dubitarint,
1125 3448 1169 3493 an

63 3550 209 3616 unquam
234 3531 361 3596 AEneas
386 3528 522 3595 Italiam
541 3528 669 3604 adierit,
684 3529 781 3605 alios,
797 3529 854 3610 qui
874 3528 998 3593 adiisse
1017 3530 1169 3612 quidem,

63 3633 135 3711 sed,
161 3631 312 3698 Ascanio
335 3632 453 3697 relicto
476 3649 589 3711 regno,
612 3631 646 3694 in
661 3628 779 3696 Asiam
802 3628 941 3693 rediisse
966 3630 1171 3709 tradiderint,

63 3740 220 3818 ubemue
245 3754 350 3819 prava
373 3733 630 3799 Homericorum
651 3748 804 3794 versuum
824 3731 1092 3812 interpretatione
1111 3733 1170 3797 ad·

64 3834 192 3914 ductos,
211 3836 286 3920 jam
301 3835 369 3900 alio
383 3836 460 3899 loco
475 3835 634 3900 monitum
654 3837 724 3896 est:
750 3829 904 3912 Disquis.
923 3848 947 3893 ιι
966 3853 992 3895 s.
1010 3849 1037 3896 ιι
1055 3853 1108 3914 sq.
1124 3833 1171 3900 ct.

66 3935 206 4023 Dionys.
225 3956 249 4017 r,
263 3938 318 4004 53.
363 3935 431 4001 Sed
445 3954 572 4012 eorum,
587 3935 643 4017 qui
658 3933 776 3999 AEneaa
791 3951 962 3998 accessum
979 3934 1021 3998 ad
1036 3934 1170 3998 Italiam

66 4042 224 4124 tanquam
246 4040 458 4105 historiarum
479 4037 545 4103 tide
568 4043 743 4121 acceptam
764 4035 976 4112 tradiderant,
999 4035 1169 4114 vulgarem

67 4142 281 4208 uenationem
293 4142 378 4205 hanc
397 4140 557 4225 apposuit
569 4139 751 4223 Dionysius
763 4137 820 4202 lib.
837 4151 863 4214 ι,
878 4137 933 4213 56,
948 4154 1049 4219 quam
1064 4136 1169 4201 breui·
