2664 4686
104 314 193 385 4332
235 364 238 369 .
518 317 714 369 excursus
736 317 794 367 ru.

103 476 228 546 laudab
239 472 282 536 ab
295 473 428 534 auctore
442 466 483 530 de
496 464 586 547 Orig.
598 463 695 528 Geni.
705 463 804 527 Rom.
819 480 899 544 cap.
914 461 972 526 14.
983 462 1043 527 15.
1078 416 1249 567 Fortu:

107 564 936 648 111111111111111111(311111111111111111
950 565 1118 647 sequitur,
1130 520 1249 627 irin
1242 604 1249 664 ι

105 678 266 747 uadentes
290 691 411 756 expres
394 672 455 734 ,sit
479 668 619 750 Dionys.
645 666 757 730 Halic.
777 682 802 741 1,
820 664 876 728 64.
895 665 952 729 65.
1004 664 1082 729 Nec
1102 666 1197 731 disne·

105 785 186 866 pant
207 777 331 840 Justin.
359 789 471 848 xnrrr,
491 772 511 833 1
531 771 566 846 1.,
592 768 742 833 Festus
732 788 766 830 rn
785 785 861 830 voc.
890 761 1057 828 oscillum
1076 786 1121 833 ex
1138 764 1200 833 611

107 880 233 955 nificio,
255 884 289 942 ct
312 876 448 940 Servius
471 892 514 936 ex
532 871 667 948 Catone,
687 869 730 933 ad
751 869 829 933 AEn.
845 868 965 945 1,271.
986 885 1043 947 ιν,
1058 868 1133 935 6211.
1167 866 1204 935 lt

103 981 207 1067 poeta
236 986 295 1043 aut
322 977 473 1040 diversos
502 980 657 1037 auctores
679 969 803 1046 babuit,
830 973 890 1032 aut
919 988 962 1032 eo
988 969 1142 1035 fabulam
1161 969 1203 1034 ir·

104 1083 210 1159 flexit,
219 1088 257 1145 ut
271 1078 457 1142 Mezentius
471 1095 492 1138 a
507 1076 577 1137 suis
588 1071 717 1136 civibus
729 1088 826 1152 regno
840 1069 998 1152 dejectus
1014 1070 1064 1135 ad
1076 1070 1204 1137 'llum
1248 1136 1251 1171 Ι

107 1182 293 1265 confugeret
306 1180 364 1245 lib.
382 1195 463 1254 vrrr,
478 1177 627 1259 489sqq.

151 1282 240 1348 Inter
254 1282 327 1346 benc
348 1277 522 1345 tenendum
539 1283 590 1338 111
606 1274 652 1351 id,
675 1275 710 1338 in
730 1293 796 1358 quo
819 1273 974 1357 plerique
992 1274 1207 1353 'comment

110 1382 306 1455 Mezentium
328 1383 430 1446 fuisse
447 1374 571 1463 Agylle
594 1397 652 1440 seu
677 1372 907 1439 Ceretanorum
928 1394 1067 1459 regem3
1088 1382 1125 1441 ut
1143 1376 1209 1441 elix

111 1487 212 1573 polita
240 1487 338 1550 etiam
359 1484 394 1548 iu
416 1483 480 1545 bac
505 1478 683 1561 argumenti
704 1484 796 1560 parte
818 1477 931 1557 fuerit,
954 1484 994 1542 ut
1019 1476 1209 1561 probantia,

111 1609 187 1672 quae
202 1590 400 1672 sequeretur,
415 1583 450 1647 iu
464 1580 617 1644 manibus
630 1578 777 1655 haberet,
792 1597 857 1641 non
879 1579 910 1641 ei
934 1576 1210 1643 comminisoeorh

111 1695 231 1754 essent.
276 1686 439 1750 Convenit
461 1685 547 1747 enim
572 1682 636 1745 boc
660 1700 736 1744 cum
756 1681 884 1764 reliqua
905 1681 1125 1749 historiarum
1145 1680 1209 1759 fille,

110 1790 234 1874 primos
249 1788 370 1868 opibus
385 1787 468 1848 inter
483 1783 644 1847 Etruscos
656 1783 819 1875 floruisse,
835 1783 956 1847 saltem
979 1784 1112 1850 exteris
1130 1784 1212 1849 inno·

108 1890 211 1955 tuisse
237 1886 421 1970 Agyllaeos,
448 1885 622 1947 maritimis
662 1885 782 1966 copiis,
812 1889 846 1947 et
870 1885 1104 1967 navigationis
1131 1903 1210 1950 corn·

109 1990 255 2067 merciis,
270 1988 435 2070 insigniter
449 1990 577 2050 auctos.
623 1980 717 2046 Hanc
731 1983 916 2068 (Agyllam)
935 1982 1212 2069 multorflomien

28 2085 30 2089 ’
111 2112 209 2156 aanor
232 2088 378 2174 appellat
402 2087 500 2151 Maro
525 2102 607 2161 vrrr,
621 2085 698 2150 481.
744 2084 831 2148 Vide
852 2081 995 2169 Dionys.
1014 2087 1077 2151 lib.
1094 2103 1151 2164 rrr,
1161 2084 1210 2151 13.

111 2195 264 2279 Strabon.
282 2208 317 2268 v,
331 2190 408 2256 337.
452 2188 543 2252 Hinc
558 2207 691 2271 quoque
705 2184 827 2269 Agylla
842 2206 886 2250 ex
900 2188 992 2250 omni
1008 2178 1143 2253 Etruria
1153 2204 1213 2251 1111

111 2304 191 2360 nota
213 2294 276 2359 fuit
294 2292 442 2358 Graecis:
465 2296 498 2354 11
518 2289 716 2373 Lycophron
737 2308 770 2351 v.
798 2287 884 2352 1353
906 2292 1015 2352 totam
1030 2294 1155 2354 terram
1172 2288 1211 2353 ab

108 2397 171 2459 beo
193 2395 275 2458 urbe
296 2393 455 2474 designat.
502 2390 607 2454 Fuere
629 2408 725 2473 porro
749 2387 911 2454 Caeretaui
930 2409 976 2453 ex
999 2390 1044 2453 iis
1068 2390 1213 2457 Etruscis

110 2495 258 2571 urbibus,
284 2514 360 2577 quae
385 2494 527 2573 vestigia
547 2491 714 2572 Pelasgici
736 2491 837 2554 moris
859 2489 1006 2572 plurima
1024 2496 1059 2554 11
1080 2491 1213 2557 clariora

111 2597 313 2660 retinuerant.
361 2592 479 2674 Itaque
501 2592 585 2654 bene
607 2590 665 2654 lib.
683 2608 766 2668 vrri,
780 2591 857 2655 600.
872 2591 938 2655 602
959 2592 1054 2674 apud
1073 2612 1135 2657 eos
1154 2587 1212 2655 Pe·

112 2693 194 2779 largi
212 2704 326 2756 uererer
346 2711 480 2756 sacrum
504 2691 712 2755 constituisse
737 2696 955 2755 memorantur
977 2691 1141 2775 Sylvano,
1160 2711 1212 2757 un·

109 2797 202 2877 tiquo
216 2793 351 2870 numini,
367 2790 458 2876 quod
474 2790 570 2854 Pana
583 2797 642 2854 eut
656 2790 746 2854 aliud
761 2793 867 2856 simile
880 2812 1001 2856 numen
1016 2794 1188 2861 referebat

154 2896 242 2961 illud
257 2914 337 2960 vero
350 2894 462 2959 mirari
485 2893 588 2970 soleo,
609 2892 694 2955 unde
717 2913 761 2956 cx
784 2895 847 2958 hoc
869 2895 982 2978 prisco
1004 2901 1154 2981 tempore
1166 2915 1214 2961 res

112 3006 179 3064 tam
195 2999 301 3064 exiles
324 3004 358 3062 et
376 3017 494 3080 pamm
511 2993 740 3058 memorabiles
757 2997 940 3078 acceperint
961 3000 1092 3062 veteres
1113 2999 1214 3081 scrip·

112 3111 210 3178 tores,
230 3101 330 3183 quale
352 3101 415 3163 boc
438 3103 498 3174 est,
525 3094 614 3179 quod
638 3094 769 3157 Plinius
791 3093 851 3158 lib.
878 3111 960 3171 xrv,
986 3115 1013 3159 s.
1037 3097 1081 3160 14
1110 3098 1212 3161 baba.

115 3208 125 3236 ‘
142 3201 192 3265 Μ.
208 3201 318 3264 Varro
339 3205 452 3264 auctor
473 3203 522 3262 est
538 3196 751 3274 Mezentium,
767 3195 904 3261 Etruriae
920 3216 1041 3278 regern,
1058 3199 1214 3263 auxilium

115 3302 250 3367 Rutulis
273 3306 387 3364 contra
413 3299 551 3361 Latinos
571 3298 697 3374 tulisse,
722 3295 789 3360 vini
811 3295 954 3376 mercede,
978 3302 1074 3382 quod
1096 3306 1163 3364 turn
1182 3296 1212 3360 11

116 3398 234 3463 Latino
249 3421 327 3485 agro
345 3397 485 3463 suisset!
529 3398 645 3476 Varie,
659 3407 696 3465 ut
717 3401 752 3462 in
774 3405 862 3463 tanta
885 3420 993 3464 rerum
1014 3402 1212 3487 antiquitate,

112 3501 266 3566 traditum
284 3500 348 3564 fuit
369 3501 432 3563 boc
456 3498 555 3563 idem.
600 3499 691 3563 Nam
714 3501 754 3564 L.
773 3500 889 3565 Caesar
906 3507 940 3565 et
963 3502 1008 3566 A.
1024 3502 1212 3568 Postumius

113 3622 216 3688 supra
236 3602 362 3667 laudati
388 3603 471 3665 inter
493 3602 709 3679 conditiones,
737 3605 857 3685 quibus
883 3604 917 3666 in
939 3604 1144 3670 deditionem
1163 3622 1213 3668 11·

113 3707 221 3790 cipere
236 3702 334 3766 vellet
349 3703 490 3766 Latinos
512 3702 643 3767 Laiinii
664 3705 819 3768 obsessos
839 3703 1038 3784 Mezentius,
1060 3723 1211 3771 memora·

114 3812 225 3872 verant
239 3805 368 3874 beno‘
385 3810 420 3867 ut
439 3823 535 3867 omne
550 3804 660 3868 vinum
675 3806 744 3885 agri
760 3804 871 3870 Latini
885 3807 1015 3890 aliquot
1037 3810 1137 3873 aunis
1156 3803 1211 3871 sibi

113 3906 301 3974 inferretur.
345 3903 392 3970 At
414 3904 552 3970 Ascanii
576 3906 717 3969 consilio
736 3912 768 3970 et
793 3909 1001 3985 auctoritate,
1003 3914 1061 3956 -‘
1076 3912 1154 3973 vino
1174 3923 1210 3969 ex

115 4009 204 4073 omui
232 4008 400 4074 vindemia
426 4006 505 4071 Jovi
535 4007 667 4090 publice
694 4013 772 4071 voto
802 4007 1082 4091 consecratoque,'
1114 4003 1209 4072 naun

114 4108 194 4174 urbe
208 4116 392 4197 erupenrnt,
405 4109 547 4193 fusoquo
568 4109 728 4195 prasidio
749 4110 987 4194 interfectoque
1003 4109 1130 4189 lanso,
1147 4106 1208 4174 Me-
