2664 4686
412 329 464 378 nn
487 326 658 379 000000
685 328 759 380 mr.
781 334 815 380 v.
1082 313 1170 385 4103

59 473 170 558 pbron
182 493 217 540 r.
229 473 297 541 906
316 472 475 542 Auchisae
495 476 630 540 nothum
651 495 727 541 eum
747 476 907 560 perhibet,
922 481 956 541 et
968 477 1012 540 ab
1025 477 1168 562 AEgesto

61 576 96 639 iu
110 573 266 642 Siciliam
279 575 472 641 adductum.
495 575 549 642 Cf.
562 576 608 642 ib.
624 576 737 641 Schol.
751 584 785 643 et
798 577 893 643 Serv.
909 577 953 642 00
969 596 1005 656 ν,
1015 578 1070 644 70.
1098 579 1168 649 lu-

63 697 129 763 que
150 676 315 761 Virgilius
336 678 431 743 docte
452 679 606 763 Elymum
627 677 762 747 Acestae
785 681 940 745 comitem
963 679 1116 767 adjunxit
1132 703 1166 749 r.

62 778 107 845 ⁷3
120 787 156 846 01
169 781 228 846 inf.
240 782 317 847 000.
330 781 406 847 001.
450 780 547 845 Coui.
561 781 681 848 Silium
694 783 841 859 01045.
854 782 908 847 46.

104 882 162 948 Ab
177 885 242 950 boc
255 883 375 969 Elymo
389 885 552 967 populum
567 882 705 967 Elymos
727 885 762 946 iu
783 883 904 948 iisdem
922 884 1014 949 circa
1026 885 1168 971 Erycem

61 990 96 1050 01
109 985 285 1068 Segestem
304 986 390 1050 locis
410 983 563 1070 Thucyd.
587 1002 638 1063 vr,
660 985 684 1050 2
706 991 741 1049 et
757 984 897 1071 Dionys.
917 1003 943 1063 1,
965 987 1009 1052 53
1029 987 1167 1054 ductum
1189 994 1203 1011 “

60 1104 138 1151 esse
152 1085 363 1153 tradiderunt.
407 1083 616 1169 Antiquioris
637 1090 748 1150 tamen
768 1085 819 1150 illi
839 1085 941 1151 fuisse
959 1084 1096 1171 originis
1117 1091 1168 1156 vi.
1292 1098 1296 1107 ·

61 1187 198 1268 deutur;
220 1193 258 1252 ut
278 1186 333 1254 vel
356 1189 432 1253 loeo
453 1187 573 1255 docent
594 1207 616 1251 a
638 1187 803 1252 Boclrurto
827 1186 911 1252 Can.
932 1206 957 1269 r,
979 1190 1034 1269 30,
1053 1211 1089 1275 p.
1101 1190 1168 1259 δῶ

61 1309 138 1373 sqq.
151 1293 320 1372 congesta.

104 1389 264 1457 Ceterum
277 1391 438 1474 Virgilius
451 1391 551 1459 etiem
565 1392 600 1457 in
621 1392 684 1457 boc
696 1392 781 1457 libro
794 1393 929 1458 nomina
942 1392 1086 1458 virorum
1099 1413 1166 1460 uon

52 1492 272 1576 indiligenter
295 1494 416 1577 purtim
439 1511 484 1557 ex
506 1493 655 1558 Homero
680 1493 859 1572 transtulit,
883 1494 1006 1577 partim
1029 1513 1073 1558 ex
1098 1495 1167 1560 bis·
1229 1568 1233 1573 ,

58 1594 400 1660 1001101100208
423 1590 584 1659 80110001
606 1589 735 1656 Patron
756 1613 855 1659 cursu
876 1598 1011 1660 certent.
1055 1594 1167 1662 Salius

57 1701 174 1779 nutem
187 1692 300 1761 Arcus
314 1712 391 1758 cum
405 1693 513 1759 AEnea
533 1696 568 1759 in
589 1694 723 1760 ltaliam
743 1694 875 1759 venisse
892 1693 1074 1786 ¹Polemone
1087 1714 1169 1761 one·

56 1801 134 1862 tore
157 1795 251 1880 apud
276 1795 412 1860 Festum
431 1796 467 1860 in
493 1795 603 1860 Solios
626 1795 773 1860 truditur.
817 1794 942 1861 Patron
962 1795 1108 1863 Thorius
1132 1799 1168 1863 in

55 1897 232 1966 Armenii
259 1897 349 1981 egris
372 1897 533 1969 consedit.
576 1894 621 1962 V.
645 1895 784 1982 Dionys.
810 1914 835 1974 1,
856 1897 910 1962 51.
955 1893 1093 1983 Euryali
1118 1899 1167 1975 (v.
1310 1940 1312 1945 ·

57 2000 129 2068 294
141 2005 178 2066 et
190 2000 247 2080 01.)
266 2019 385 2066 nomen
398 2019 444 2065 ex
459 1998 607 2065 Homero
629 2000 719 2065 sotis
732 2003 859 2076 uotum,
877 2001 960 2064 iuter
978 2000 1110 2084 pugiles
1131 2003 1167 2067 in

55 2101 154 2189 ludis
162 2101 352 2168 funebribus
367 2101 524 2168 Patrocli.
568 2100 617 2166 Ut
633 2107 742 2166 autem
763 2101 795 2165 ei
818 2100 1072 2185 pulchritudiuis
1092 2102 1168 2175 lanz

56 2202 138 2271 dem
150 2205 352 2282 attribueret,
368 2204 521 2288 suspicor
534 2201 678 2287 Virgilio
699 2205 734 2267 in
755 2208 897 2269 mentem
910 2202 1039 2265 venisse
1053 2221 1097 2267 ex
1112 2223 1166 2283 eo,

57 2305 153 2392 quod
176 2304 273 2390 Ibyci
293 2307 436 2372 carmine
459 2305 539 2373 olim
560 2304 623 2369 fuit
646 2303 938 2370 celebratissimum
958 2322 1081 2377 nomen,
1097 2304 1167 2370 En·

57 2406 159 2493 ryuli,
175 2408 270 2490 pueri
283 2407 431 2485 formosi,
452 2411 489 2471 ut
507 2426 551 2471 ex
568 2404 758 2488 fragmentis
770 2403 960 2486 intelligitur
972 2424 1028 2488 ap.
1043 2405 1164 2473 Athen.

59 2525 153 2587 xur,
168 2528 203 2591 p.
217 2509 283 2574 564
299 2527 330 2572 0.

104 2608 268 2681 Entellum
281 2618 391 2677 autem
405 2633 438 2677 v.
453 2612 519 2677 387
539 2629 613 2695 sqq.
634 2610 717 2674 inter
738 2607 855 2674 heroes
877 2607 1001 2673 Siciliae
1016 2609 1166 2676 habitum

58 2715 177 2792 fuisse,
196 2714 250 2778 vel
269 2735 315 2778 ex
335 2715 425 2778 urbis
447 2713 588 2778 Entellae
610 2713 741 2776 nomine
759 2710 937 2795 conjectes.
981 2707 1072 2773 Nam
1091 2730 1166 2776 mos

58 2821 242 2901 perpetuus
257 2815 462 2899 antiquitatis
476 2821 538 2890 est,
556 2834 601 2877 ex
625 2813 753 2876 urbium
774 2811 963 2874 nominibus
978 2811 1166 2876 conditores

57 2919 195 3002 fingere·
239 2919 374 2983 Servius
395 2917 438 2982 00
463 2936 497 2994 v,
522 2917 605 2982 389:
631 2916 744 2978 ‘Saue
769 2912 951 2990 sciendum,
974 2913 1060 2977 hunc
1086 2915 1167 2991 (En-

57 3016 193 3104 tellum)
205 3020 386 3084 secundnm
400 3018 585 3102 Hyginum,
601 3016 660 3098 qui
675 3015 716 3078 de
732 3013 884 3077 Familiis
896 3013 1049 3097 Trojonis
1062 3017 1167 3098 scrip·

57 3123 118 3199 sit,
132 3139 236 3186 unum
249 3119 467 3204 Trojanorum
484 3117 597 3195 fuisse,
620 3117 662 3179 de
686 3135 753 3198 quo
773 3112 933 3196 Virgilius
945 3115 1167 3179 0010101010-

56 3222 165 3290 rium!
207 3220 242 3285 A
271 3221 382 3287 Schol.
406 3219 572 3305 Lycophr.
602 3217 645 3281 ad
672 3236 705 3280 v.
730 3215 796 3283 953
819 3215 899 3279 urbs
928 3213 1058 3280 Fntellu
1084 3216 1168 3281 iuter

58 3327 161 3391 urbes
187 3326 231 3389 ub
253 3324 391 3405 AEgosto
415 3322 566 3387 conditas
590 3323 796 3382 memoratur.
840 3314 892 3380 Gi.
916 3315 1048 3381 Cluver.
1072 3317 1165 3385 Sicil.

56 3432 180 3509 0010.
194 3424 261 3490 377
274 3443 361 3507 sqq,
377 3425 435 3506 qui
454 3425 486 3488 10
506 3422 582 3486 Silii
602 3421 752 3486 versibus
772 3418 943 3496 x1v‚204.
964 3419 1030 3485 205
1050 3420 1167 3487 diluci-

57 3528 184 3594 dundis
195 3526 345 3591 loborat:
361 3530 371 3559 ‘
383 3524 514 3590 Entella
528 3524 696 3588 Hectoreo
710 3522 866 3586 dilectum
879 3539 998 3586 nomeu
1008 3520 1168 3589 Aceste:
1182 3539 1186 3548 ·

55 3628 131 3695 Sed
144 3627 292 3711 sequitur
307 3624 409 3693 Silius
423 3626 524 3691 nostri
538 3624 648 3709 poetae
663 3624 774 3700 fidem,
789 3621 969 3686 secundum
983 3644 1084 3707 quam
1098 3624 1166 3689 Eu·

55 3730 162 3798 tellus
181 3729 266 3793 iuter
289 3733 416 3793 ceteros
438 3724 572 3792 noestae
587 3727 724 3790 comites
739 3730 814 3788 0010
830 3725 948 3790 AEneae
963 3730 1111 3809 tempore
1132 3728 1167 3793 iu

57 3831 218 3897 Siciliam
245 3835 388 3907 venerat,
417 3831 514 3913 eique
542 3828 689 3892 amicitia
711 3826 846 3909 junctus
870 3825 987 3890 fuerat.
1033 3825 1167 3909 Saepius

52 3933 137 4017 jum
146 3933 346 4010 monuimus,
363 3931 568 4003 diversitates
580 3933 641 3996 bus
658 3927 842 3992 tabularum
864 3927 993 4004 docere,
1014 3947 1036 3991 0
1056 3924 1167 4009 poetis

64 4022 212 4117 plrmbus
224 4033 362 4098 eunden
374 4033 523 4100 tabidum
535 4032 637 4097 fuisse
650 4032 834 4109 1100101001,
850 4028 997 4111 0000000
1011 4024 1165 4107 Virgilio,

134 4150 218 4218 mor.
229 4156 254 4203 et
267 4151 326 4204 Ver.
340 4152 406 4203 (7101.
605 4149 676 4214 Virg,
1035 4147 1066 4196 12
1076 4143 1103 4198 K
1122 4209 1131 4217 .
