2664 4686
113 312 204 380 m
534 322 735 374 rxcuusuu
754 322 798 373 u.

114 475 251 561 mortio
263 471 432 553 manas
450 470 513 534 vix
532 473 798 553 1³⁰th
810 466 1088 552 (ieonum
1097 469 1207 537 w

115 573 479 656 unmetemuoribua
508 580 546 637 ut
578 570 1210 656 mmmsmsuusfiruoemw

113 679 257 745 familias
279 675 377 738 sedes
397 674 462 737 sihi
484 674 637 756 proprias
658 671 815 754 cepisset,
841 670 890 735 ita
913 671 1125 753 singulm
1146 674 1210 739 utit-

113 782 208 864 pium
230 786 287 843 aut
309 777 508 840 familiarum
523 776 658 839 uomina
670 773 969 857 frequentabam,
982 792 1098 858 noque
1108 782 1210 839 auru

113 886 148 948 iu
162 901 264 946 unum
277 880 501 954 collectarum,
522 885 580 941 aut
594 877 778 940 communis
798 875 924 957 stupis,
948 874 1057 952 sodis,
1077 894 1122 940 ao
1141 876 1209 954 loci,

112 1002 233 1048 nomeu
255 985 290 1046 in
311 980 461 1045 notitiam
482 980 596 1041 venire
615 978 735 1062 potuit,
748 977 815 1039 nisi
837 974 928 1058 apud
948 975 1038 1039 alius
1057 975 1209 1054 hominm

113 1087 172 1169 qui
193 1103 299 1149 nosos
322 1083 469 1147 advenas
493 1088 583 1145 certo
605 1081 737 1143 nominc
761 1078 931 1142 declarare
956 1076 1095 1143 vellant.
1140 1076 1209 1142 Nur

113 1187 213 1268 igitur
235 1187 300 1249 nisi
319 1186 516 1249 nenessitas
541 1183 687 1258 suborta,
710 1187 747 1244 ut
768 1181 850 1244 alter
873 1177 1022 1262 pupulus
1049 1180 1096 1243 ah
1118 1178 1210 1245 utta·

113 1287 254 1351 discerni
268 1294 392 1370 posset,
411 1287 544 1349 nomina
562 1285 716 1365 geuerica
737 1279 1151 1365 mpertaassoprohohilo
1167 1278 1210 1344 fl.

113 1387 276 1451 Iocorum
291 1392 401 1450 autem
423 1404 464 1449 ac
486 1392 643 1450 terrarum
666 1384 812 1459 nomina,
834 1401 900 1446 nou
925 1381 992 1445 nisi
1017 1382 1065 1445 ah
1086 1382 1209 1457 σιω,

113 1490 172 1574 qui
184 1507 245 1552 eas
257 1494 360 1552 terras
373 1485 507 1563 adeunt,
520 1491 579 1549 aut
600 1504 623 1547 a
640 1484 762 1547 vicinis
780 1482 926 1566 populis,
940 1483 976 1545 in
990 1501 1136 1565 quom
1146 1480 1211 1547 smi-

112 1590 176 1654 hus
199 1589 414 1654 consederunt
436 1589 587 1664 munuae,
614 1588 739 1670 imponi
762 1586 879 1649 solaut.
933 1582 1089 1648 Nomina
1109 1585 1211 1668 inqua

112 1692 310 1772 populorum
332 1702 367 1755 et
387 1697 546 1754 terrarum
568 1709 628 1770 per
650 1688 851 1751 commercia
869 1686 1042 1749 hominum
1058 1691 1164 1750 ortum
1180 1688 1212 1747 ot

112 1808 233 1852 musas
246 1791 390 1869 hahent3
416 1788 661 1865 autochthones,
677 1807 738 1850 seu
749 1787 848 1869 primi
861 1786 994 1864 inoolae,
1007 1788 1147 1852 nomina
1158 1787 1211 1851 vix

112 1898 224 1954 emant
236 1896 295 1953 aut
308 1895 433 1954 curant.
478 1887 669 1952 Secundum
683 1889 769 1965 haec,
785 1895 928 1953 tractum
939 1888 1038 1953 illum
1058 1890 1103 1953 ah
1123 1887 1212 1971 Alpi·

63 2056 65 2059 .
111 1989 174 2053 hus
195 1990 239 2055 ad
259 1991 378 2056 fuctum
400 1989 550 2054 Siculum
574 1996 762 2071 porrectum
784 1991 915 2053 nominc
939 1989 1058 2072 aliquo
1080 1988 1209 2073 proprio

111 2093 258 2178 antiquis
270 2093 472 2177 temporibus
485 2092 668 2154 innotuisse
682 2090 802 2154 frustra
816 2092 965 2154 sumitur.
1009 2088 1082 2154 Sed
1096 2095 1210 2155 Μαι

110 2195 220 2281 hujus,
233 2199 272 2259 ut
285 2195 320 2258 iu
334 2195 409 2260 aliis
428 2194 521 2258 terris
535 2192 672 2269 sactum,
687 2211 736 2256 eae
751 2197 873 2276 partes
898 2211 976 2275 quoe
990 2193 1112 2274 primm
1133 2191 1211 2255 inor

109 2297 253 2378 reliquas
268 2316 289 2361 a
302 2296 496 2361 cultioribus
509 2295 656 2379 populis,
672 2293 818 2359 Graeciae
831 2293 997 2376 inprimis,
1019 2289 1210 2376 nequam

111 2404 290 2480 coepcraut,
300 2399 418 2481 prima
432 2416 566 2481 quoque
577 2397 707 2461 nomine
720 2395 832 2478 aliquo
845 2397 1012 2477 insignita
1026 2402 1128 2475 sunt3
1148 2409 1209 2456 nou

110 2504 245 2575 tameo,
267 2497 509 2580 quoiudiganae
532 2497 576 2561 ad
598 2496 845 2580 suamstirpem
869 2503 926 2560 aut
947 2494 1209 2562 suasscdcsdo-

109 2598 285 2664 claranum
295 2599 380 2663 inter
393 2618 431 2662 sc
444 2600 630 2675 utebantur,
645 2618 745 2681 quam
758 2599 953 2681 plerumque
978 2618 1068 2665 novo
1090 2599 1134 2664 ah
1154 2596 1208 2662 ad·

110 2700 205 2762 vania
218 2699 271 2762 his
286 2699 338 2763 vol
357 2699 595 2762 mercatoribus
616 2701 762 2776 invento,
782 2705 816 2764 et
835 2699 904 2765 fora
918 2702 962 2765 ab
976 2699 1210 2767 attributuuii·

109 2819 176 2884 quo
188 2800 337 2864 locorum
351 2800 404 2863 vel
417 2800 547 2884 populi,
561 2800 615 2864 vel
629 2819 651 2864 a
665 2821 747 2865 casu
762 2803 851 2867 vela
871 2802 979 2885 primo
994 2809 1094 2869 tcmae
1109 2802 1207 2877 aditu,

109 2901 201 2980 urbe,
212 2901 444 2984 promontorio,
456 2920 479 2965 a
490 2921 579 2966 nova
591 2922 639 2981 re,
652 2923 753 2987 quam
765 2904 887 2981 vident,
901 2906 1085 2986 accipiunt,
1096 2904 1206 2989 petito,

108 3003 269 3068 interdum
283 3003 382 3068 ctiam
407 3023 452 3068 ex
474 3023 559 3068 voce
579 3005 691 3088 aliqua
704 3006 927 3087 indigenarum
950 3013 1094 3090 acoopta
1114 3002 1208 3071 etad

108 3124 187 3170 suos
201 3105 454 3171 sonosdeflcxa.
508 3107 563 3170 Da
577 3107 699 3171 talibus
713 3107 824 3191 itaquo
843 3107 1046 3190 populorum
1071 3114 1130 3173 aut
1149 3113 1207 3172 ter-

108 3226 218 3271 rarum
239 3208 428 3271 nominihus
453 3208 552 3272 docte
574 3208 709 3292 quidem
733 3210 837 3274 multa
851 3209 971 3290 uliquis
986 3209 1133 3291 argutari
1152 3226 1207 3292 po·

107 3313 180 3384 test,
210 3306 269 3369 sed
297 3308 489 3391 plerumque
517 3311 677 3392 inanitum
710 3311 817 3374 multu
840 3309 948 3393 magis
977 3311 1009 3373 si
1036 3309 1207 3376 Phoeuiciu

64 3426 68 3433 ·
107 3406 241 3470 nomina
255 3408 425 3490 expiscari
438 3415 472 3473 et
484 3411 624 3475 enodare
647 3413 820 3491 uolumus;
854 3428 921 3493 quo
943 3410 1081 3492 quidem
1096 3426 1206 3494 genero

107 3506 281 3585 nihilvidi,
297 3509 386 3591 quod
400 3511 508 3593 magis
522 3518 610 3576 esset
632 3512 804 3577 lubricum.
859 3509 970 3574 Multo
994 3512 1107 3593 magis
1128 3511 1207 3576 dasi-

107 3607 202 3672 duros
218 3608 384 3692 judicium
398 3611 555 3691 severius,
570 3613 600 3678 si
614 3614 749 3677 nomina
771 3631 792 3675 a
813 3610 924 3695 po'e‘tis
941 3611 1093 3676 adhiberi
1115 3611 1208 3677 solita

106 3711 188 3775 inter
207 3711 340 3776 nomina
359 3714 557 3797 populorum
581 3733 622 3778 ao
648 3721 803 3778 terrarum
826 3711 962 3794 propria
983 3712 1132 3780 raserunt
1154 3710 1208 3778 viri

107 3812 219 3877 docti:
251 3815 375 3898 quippe
398 3835 475 3898 quae
502 3822 615 3881 creata
638 3817 778 3880 suntab
804 3815 886 3898 ipsis
909 3813 1019 3895 po'dtis
1041 3815 1207 3889 novitatis.

105 3917 283 3996 varietatis,
310 3917 466 3983 dodriuae
492 3923 550 3983 aut
574 3919 683 4002 copiae
712 3915 916 3982 ostentanda
944 3934 1060 3982 causa.
1123 3913 1210 3994 Quid

106 4016 195 4095 quod
209 4038 269 4083 uec
282 4021 467 4084 nominibus
492 4020 536 4082 ah
558 4019 724 4083 historicis
749 4018 845 4102 prodi
872 4018 979 4083 solitis
996 4020 1141 4084 multum
1160 4025 1210 4086 ott

105 4114 331 4187 tribuendum:
368 4121 494 4206 quippe
520 4140 597 4202 quae
621 4140 643 4184 a
665 4121 782 4204 primis
817 4120 1007 4186 auctoribus
1032 4122 1214 4199 aunah'm
