2664 4686
433 307 486 358 An
509 308 679 359 nunrnos
703 311 775 359 nra.
798 311 848 360 vr.
1105 297 1195 365 ⁴225

92 461 177 525 nrt.
231 454 315 541 Styx
336 459 447 521 autern
466 453 568 519 novies
586 455 617 520 lr.
629 476 657 519 e.
683 456 809 539 saepius
826 456 934 520 flexus
953 475 1034 522 suos
1047 464 1193 543 repetere

92 556 212 624 licitur
240 574 290 634 vl,
309 557 385 624 438.
409 557 486 623 439.
540 557 661 642 Georg.
684 574 736 636 ry,
757 558 942 637 478-480,
965 559 1023 623 ubi
1045 558 1192 645 Cocytus

92 678 167 727 aum
182 659 284 744 Styge
295 663 502 724 memorabar.

132 759 262 825 Ternas
280 760 341 825 hos
360 760 535 825 fluviorum
557 760 724 827 anfractus
745 759 884 846 trajectu
903 781 998 847 opus,
1015 769 1192 847 antequam

92 860 133 929 ul
145 862 302 927 ulteriora
314 863 486 945 pervenias
498 882 507 944 3
538 863 612 942 etsi,
635 864 693 927 ubi
707 862 749 927 dc
763 862 939 929 charontis
952 865 1192 931 transvectione

92 964 211 1047 agibrr,
226 982 293 1027 non
305 962 404 1028 facile
419 961 530 1046 politae
547 961 589 1026 de
601 963 723 1048 triplici
747 964 835 1028 amni
856 968 959 1029 terras
979 963 1100 1030 inieras
1120 984 1192 1031 arn·

92 1064 200 1131 bicnte
221 1064 378 1147 cogitant,
401 1071 436 1129 et
458 1065 577 1131 molius
597 1083 699 1129 unum
712 1070 838 1130 tantum
851 1064 989 1131 nuvium
1002 1066 1191 1133 nominante

92 1164 285 1251 pbrumque
305 1164 440 1249 Stygem
455 1171 512 1232 aut
526 1164 758 1232 Acherontem.
802 1165 877 1231 Nec
893 1166 988 1232 aliter
1002 1167 1075 1251 ipse
1091 1166 1191 1235 Maro

92 1282 142 1361 rr,
157 1267 223 1331 107
245 1272 280 1331 et
301 1267 344 1331 al·
359 1267 527 1343 374391.
580 1267 637 1332 Sic
658 1274 692 1333 et
714 1289 799 1333 unus
823 1269 857 1333 in
881 1269 1057 1354 Polygnoti
1078 1268 1192 1335 tabula

92 1365 247 1435 &abaron
268 1367 359 1452 apud
381 1367 525 1434 Pausan.
552 1387 592 1448 x,
615 1371 670 1438 28.
712 1369 889 1437 Vectorem
911 1376 1022 1436 autem
1044 1369 1190 1436 Charon·

92 1476 169 1548 lm,
192 1469 253 1534 etsi
276 1474 354 1553 post
376 1468 571 1549 Homerum,
592 1471 693 1537 facile
714 1478 899 1537 commenta
922 1477 976 1538 est
996 1470 1190 1556 antiquitas,

92 1588 167 1637 cum
190 1571 292 1636 semel
318 1570 381 1636 boc
409 1572 597 1655 probasset,
619 1578 657 1637 ut
683 1572 821 1639 flumina
848 1571 1043 1658 trajicienda
1078 1577 1190 1639 essent

92 1670 284 1738 mutibus
296 1672 372 1737 loca
385 1672 498 1739 intera.
553 1671 675 1757 Neque
696 1673 781 1738 adeo
794 1693 839 1739 ex
851 1672 1013 1757 AEgyptia
1033 1672 1189 1755 religione

92 1778 121 1841 rt
139 1774 221 1840 lacu
239 1773 383 1840 Moerida
405 1774 499 1841 illum
520 1775 752 1840 adumbratum
767 1794 843 1839 esse
857 1793 992 1839 neeesse
1006 1779 1078 1857 est;
1109 1774 1189 1858 quin

92 1875 199 1959 potina
226 1874 372 1942 Graeculi
395 1878 532 1943 seriores
555 1877 749 1962 AEgyptiam
773 1878 919 1962 priscam
942 1874 1132 1958 religionem
1152 1876 1188 1941 in

92 1978 170 2043 bno
182 1983 310 2061 partem
322 1979 524 2062 interpretati
536 1999 610 2045 esse
622 1979 782 2045 videntur.

126 2076 283 2145 Ceterum
304 2081 340 2145 in
362 2077 548 2145 Acheronte
570 2080 614 2145 arl
635 2080 713 2144 loca
738 2081 827 2144 circa
849 2078 975 2143 Cumas
998 2078 1188 2161 respexisse

92 2178 287 2263 potitarecte
299 2178 505 2245 existimatur
527 2187 561 2246 et
582 2181 744 2264 spelunca
759 2180 912 2246 Cumana
932 2180 1070 2244 damase
1087 2177 1187 2242 fertur

92 2278 286 2363 rel-paludem
301 2279 503 2346 Aclrrminnr
518 2283 581 2348 sub
592 2282 716 2347 Miseni
730 2282 942 2365 promontorii
956 2286 1102 2345 extrema
1115 2295 1186 2341 ora.

92 2378 167 2468 Ejus
180 2379 314 2465 paludis
326 2381 425 2463 vulgo
440 2384 582 2461 vestigia
595 2382 715 2444 habero
730 2382 872 2444 creditur
893 2377 998 2442 Locm
1014 2373 1186 2457 Coloceiar,

92 2480 144 2547 reri
168 2480 372 2566 probabilior
396 2486 449 2545 est
471 2479 568 2545 Paoli
592 2480 763 2558 sententia,
788 2481 846 2563 qui
861 2478 905 2543 ad
922 2476 1017 2542 Mare
1032 2486 1186 2541 mortuum

92 2580 179 2649 efert
196 2578 346 2666 paludem
366 2578 569 2645 Acherusiam
591 2579 649 2646 fol.
673 2581 728 2646 28.
781 2580 852 2646 Alii
875 2580 985 2665 poetae
1007 2579 1186 2662 Virgilium

92 2688 253 2749 notorem
277 2683 310 2745 in
333 2682 385 2745 his
403 2680 585 2745 lniororum
599 2682 751 2759 amnibus
765 2682 984 2745 deseruerunt.
1039 2678 1137 2745 Cous.
1151 2698 1185 2744 r.

92 2804 112 2851 r.
126 2782 294 2866 Senecam
309 2779 413 2845 Herc.
427 2781 489 2845 sur.
504 2781 578 2847 680.
593 2781 670 2848 686.
685 2783 751 2848 709
764 2802 839 2867 sqq.
882 2782 1001 2850 Silium
1017 2798 1057 2859 x,
1076 2781 1185 2848 116-

92 2882 234 2968 l21,qui
253 2880 415 2967 Cocytum
438 2884 473 2947 in
494 2883 637 2947 Lucrino
650 2889 684 2947 et
697 2883 832 2967 Stygem
846 2885 881 2946 in
895 2880 1030 2948 Averno
1052 2884 1184 2965 quaerit,

92 2983 173 3051 riam
187 2991 299 3050 autem
312 2984 357 3049 ad
372 2983 500 3049 inferos
520 3005 579 3066 per
602 2982 819 3048 Acherusiam
842 2982 1009 3063 paludem.
1055 2982 1108 3045 De
1122 2983 1184 3047 flu·

92 3086 145 3153 riis
159 3085 344 3150 Inferorum
357 3088 453 3150 locus
467 3087 564 3147 etiam
579 3083 759 3165 praeclarus
772 3089 823 3146 cst
838 3081 971 3144 Miltoni
984 3083 1043 3145 lib.
1061 3099 1102 3159 ιι,
1118 3085 1185 3148 574

92 3206 170 3273 rqq„
183 3187 304 3269 dignus
317 3186 376 3269 qui
401 3189 625 3267 comparetur3
656 3187 693 3246 at
714 3181 755 3246 de
780 3181 981 3266 etymologia
1001 3184 1182 3262 nominum,

92 3306 160 3377 μω
173 3288 228 3352 his
242 3286 395 3352 amnibus
408 3284 514 3350 indita
535 3291 621 3362 sunt,
643 3304 677 3348 v.
699 3285 763 3349 loc.
789 3282 988 3367 Apollodori
1003 3283 1092 3366 apud
1106 3283 1183 3349 Sto·

92 3408 213 3459 muru:
234 3387 269 3451 in
284 3386 490 3469 Fragmentis
504 3384 662 3467 Apollod.
677 3406 754 3471 pag.
769 3388 855 3451 1047
870 3406 957 3468 sqq„
972 3385 1031 3449 ubi
1044 3405 1080 3468 p.
1095 3384 1183 3451 1050

92 3508 177 3557 ocus
202 3489 382 3573 Sophoclis
403 3509 423 3552 e
450 3486 623 3570 Polyxena
647 3490 697 3553 sic
724 3489 849 3572 videtur
874 3485 1184 3564 constituendam
1295 3550 1298 3557 ,

92 3610 141 3675 μθ
168 3580 192 3653 ὅ
215 3592 268 3662 ταὶς
291 3588 419 3671 legatur
443 3589 550 3660 Ἀκτᾶς
571 3594 604 3651 et
617 3589 719 3652 aliero
740 3610 838 3654 versu
852 3593 976 3651 λιποῦσα
991 3586 1089 3668 λίμνης
1103 3585 1183 3664 ἦλθον

92 3688 206 3776 &einr
219 3687 303 3773 γόους
314 3688 479 3776 Ἀχὶροπος
494 3689 655 3773 ὄξυπλῆγας
670 3685 788 3774 ἄρσενας
800 3688 886 3774 χόας.
911 3711 945 3771 p.
960 3690 1045 3753 1051
1062 3690 1182 3752 ἀπὸτοῦ

92 3797 195 3881 paneis
210 3789 353 3874 φαίνεσθαι
365 3792 427 3874 leg.
443 3794 542 3877 γοργὰ
562 3807 603 3871 p„
618 3797 651 3854 et
664 3810 743 3874 pag.
759 3786 881 3855 10531.
897 3792 930 3855 3.
946 3788 1128 3876 στερεμνώδη,
1148 3795 1183 3854 et

92 3888 152 3959 lb
175 3890 342 3972 uptam
374 3893 492 3957 ultima
513 3912 534 3955 e
557 3889 641 3955 Cod.
666 3891 793 3958 Stobaei
815 3890 932 3957 Fseur.
951 3891 1183 3975 suppeditavit

92 3988 217 4067 house.
230 3992 397 4076 'l'ychaen

139 4172 420 4279 'metanoea
602 4216 672 4278 rac.
1038 4214 1069 4261 rr
1085 4210 1116 4265 Μ
