2664 4686
104 272 196 391 '4386
456 344 460 351 -
521 312 807 377 excursos-nr.

110 460 251 538 Reman
271 461 450 542 Quam
473 454 621 525 mmm
643 454 834 534 munem,
858 453 1033 541 talium
1048 470 1217 537 numu,

110 568 150 637 ut
162 560 276 646 podte,
291 577 404 625 erasse
416 558 586 623 indicasse
600 558 708 623 videri
721 562 843 642 potest
888 555 1043 633 Videtur
1065 560 1219 631 eosne·

110 668 209 731 cutus
233 681 307 726 esse
330 680 488 727 arcanum
514 659 596 744 quid
621 664 657 724 et
676 656 768 724 Jove
791 658 1000 737 vatimnnnte
1025 659 1176 744 dignum,
1191 668 1221 727 rt

111 783 209 833 sacro
231 779 369 828 numero
391 760 608 845 procederent
632 759 765 825 omnia:
785 759 818 824 3.
842 759 899 827 80.
923 759 1019 841 ³003
1041 765 1221 830 nanneno
1268 802 1270 851 :

112 854 200 937 euno
215 867 341 931 AEneas
354 864 436 928 inter
448 860 568 931 bernes
580 861 744 944 indigetes
764 869 931 946 receptus,
956 863 1137 947 trigesime
1157 884 1223 931 em·

113 968 184 1037 din
209 967 310 1047 Alba,
335 966 384 1031 ibi
406 984 466 1050 per
491 969 655 1029 trecentos
676 981 783 1029 annos
804 967 1001 1047 regnatum:
1024 983 1110 1048 qnae
1130 965 1224 1051 Spu-

115 1071 162 1151 eii
175 1090 242 1136 uon
253 1069 421 1151 inelegans
434 1071 487 1131 est
501 1066 691 1131 observatio
711 1066 747 1131 in
769 1064 1027 1131 Holdeswnrtbi
1043 1067 1144 1135 obss.
1155 1087 1223 1152 pag.

113 1172 192 1239 215.
236 1168 305 1235 Sed
318 1167 603 1255 simplicissimum
616 1173 669 1232 est
679 1166 804 1244 dicere,
826 1165 934 1231 fnisse
950 1168 1043 1233 ⁴olim
1067 1176 1225 1247 aumas,

115 1272 217 1356 inque
242 1291 301 1337 eos
325 1266 508 1352 Virgilium
530 1268 699 1349 incidisse,
725 1269 784 1353 qni
806 1267 1020 1333 intervallum
1045 1270 1136 1337 illud
1153 1276 1225 1339 tw

116 1393 235 1462 porum
249 1391 357 1456 usque
370 1371 415 1436 ad
429 1368 575 1437 Romam
590 1369 760 1437 conditam
775 1367 975 1434 arctioribus
988 1367 1122 1437 tinibus
1131 1370 1226 1441 indr-

115 1464 252 1541 derent:
282 1472 374 1558 qnod
398 1475 435 1538 in
457 1478 551 1538 tanta
574 1477 760 1555 temporum
785 1469 1012 1554 antiquiorum
1036 1471 1180 1558 caligine
1197 1478 1227 1537 et

117 1574 313 1643 difficultate
326 1574 452 1642 sectum
466 1573 552 1642 adeo
564 1573 784 1658 improbabile
798 1591 865 1638 uon
877 1570 927 1650 nt.
939 1591 1020 1637 cnm
1033 1573 1141 1641 etiam
1152 1572 1227 1640 'I'ro-

66 1710 77 1723 ·
118 1672 199 1762 'gum
221 1677 363 1745 similem
389 1677 618 1743 auctoritatem
642 1679 794 1739 secutum
818 1692 892 1739 esse
913 1693 961 1741 ex
980 1671 1125 1743 Justino
1142 1674 1228 1743 intel

118 1778 249 1863 ligetur.

163 1876 316 1942 Ceterum
328 1878 363 1941 in
375 1875 440 1955 his,
467 1896 543 1960 quae
558 1895 579 1941 a
592 1876 689 1941 nobis
703 1876 858 1960 exposlta
871 1881 959 1957 sunt
985 1896 1070 1953 cru
1092 1897 1229 1947 comme

120 1983 286 2048 morentur
309 1978 478 2056 nonnulla,
502 1998 579 2063 quae
594 1980 629 2042 in
641 1979 758 2062 primis
771 1978 887 2045 statim
898 1977 1065 2049 Irivil'vel
1079 1980 1230 2066 Dionysii

80 2070 82 2073 ’
119 2078 410 2162 foliisoccnrrunt,
435 2080 638 2157 eruntforte,
663 2081 722 2164 qui
749 2085 846 2147 acute
869 2080 937 2145 sibi
961 2082 1168 2153 observasse
1185 2082 1231 2149 vl-

121 2185 274 2262 deentur,
288 2203 342 2248 me
356 2184 439 2249 satis
454 2183 533 2247 trita
546 2187 756 2266 persecutum
769 2201 856 2247 esse.
887 2178 1021 2249 Verum
1035 2183 1071 2255 in
1085 2188 1161 2251 toto
1171 2182 1232 2257 boe

123 2305 239 2371 genere
262 2305 330 2350 non
351 2286 459 2365 refert,
488 2284 570 2370 quid
594 2285 652 2349 alii
677 2283 834 2361 dixerint,
859 2282 919 2348 sed
936 2283 1027 2366 quid
1049 2304 1142 2352 nnnc
1163 2292 1231 2353 ate

122 2386 299 2453 dicendum
314 2387 432 2467 suerit3
454 2392 523 2452 tum
537 2406 617 2451 vero
631 2385 712 2450 illud
725 2386 877 2468 inprimis
890 2384 1144 2466 attendendum,
1157 2406 1231 2452 nn

123 2487 181 2555 alii
194 2487 327 2553 easdem
341 2507 395 2553 res
409 2487 527 2552 eodem
544 2487 686 2571 judicio,
706 2485 825 2550 eedem
838 2485 991 2564 consilio,
1017 2488 1139 2555 eadem
1156 2507 1231 2557 curu

123 2610 165 2657 ac
190 2590 358 2672 diligentia
381 2591 607 2672 exposuerint.
651 2588 731 2652 Diei
757 2594 868 2654 autem
892 2588 955 2653 vix
978 2595 1104 2672 potest,
1133 2607 1230 2677 quem

123 2710 243 2779 parum
260 2690 391 2774 judicio
405 2709 467 2753 suo
481 2690 622 2754 tribuere
635 2690 702 2773 ipsi
717 2688 941 2767 videautnrii,
963 2690 1023 2773 qui
1037 2711 1092 2756 res
1108 2690 1230 2761 Remu·

123 2810 187 2857 nas
208 2797 286 2857 ante
309 2796 343 2857 et
367 2797 447 2875 post
469 2792 585 2855 urbem
611 2792 780 2867 conditam
801 2793 902 2875 vulgo
922 2812 1095 2878 exponere
1106 2794 1229 2867 soluit:

124 2911 201 2961 cum
214 2912 260 2957 ex
273 2890 372 2956 Livio
386 2898 419 2957 et
433 2891 597 2975 Dionysio
610 2893 746 2957 recitent
757 2898 885 2958 veteres
906 2892 982 2959 illns
1002 2893 1140 2961 sobrius
1160 2900 1229 2961 tun·

125 3014 227 3080 quam
239 3015 292 3060 res
305 2993 384 3058 fidei
398 2994 688 3078 exploratissimae,
714 3014 776 3059 nec
799 3014 946 3078 unquam
967 2997 1003 3061 in
1018 3003 1165 3063 mentem
1177 3016 1229 3061 re·

124 3099 207 3177 niet,
220 3098 338 3163 horum
362 3098 560 3180 scriptorum
587 3096 687 3161 fidem
709 3096 744 3160 in
766 3097 820 3161 his
843 3116 902 3180 per
925 3117 963 3161 se
988 3117 1067 3163 esse
1088 3099 1228 3177 nollum3

125 3199 267 3289 pendere
291 3217 365 3262 eam
388 3202 492 3261 totam
516 3217 561 3261 ex
583 3198 849 3282 antiquioribus3
871 3198 989 3262 borum
1009 3205 1122 3264 autem
1135 3199 1228 3263 iden

125 3302 171 3369 ab
185 3301 228 3369 iis
242 3299 473 3376 monumentis,
488 3318 566 3381 quae
580 3304 654 3364 ante
665 3301 781 3366 oculos
791 3300 948 3376 habuere,
961 3305 1021 3363 aut
1032 3319 1057 3365 a
1069 3300 1228 3386 majorum

125 3401 204 3480 fide,
220 3419 320 3483 quam
333 3405 551 3482 propagatam
565 3422 624 3485 per
637 3403 733 3486 plura
747 3401 872 3467 saecula
884 3407 1093 3485 aeceperunt.
1130 3400 1227 3484 Atqui

125 3519 223 3565 nemo
237 3518 291 3564 res
307 3499 479 3565 hmanas
494 3503 702 3586 consignavit
715 3502 833 3568 litteris
847 3507 923 3568 aute
934 3508 1072 3567 sextum
1086 3503 1130 3567 ub
1145 3518 1180 3569 u.
1194 3517 1225 3563 o.

126 3601 310 3668 saeculum:
332 3606 366 3666 et
379 3610 621 3671 monumentum
636 3605 800 3690 superfuit
824 3606 884 3669 vix
905 3623 1008 3669 unum
1029 3611 1066 3671 et
1084 3605 1223 3677 dmm,

127 3702 219 3788 qnod
232 3702 401 3781 incensam
414 3725 435 3768 n
449 3703 558 3770 Gallis
574 3704 717 3773 Romam
731 3705 787 3791 (υ.
800 3725 832 3771 c.
847 3701 930 3789 364)
944 3709 1045 3771 aetate
1055 3707 1223 3790 usurpem

128 3802 214 3873 Sunt
227 3811 336 3871 tamen
359 3807 454 3871 annis
476 3807 782 3892 comprehendenda
795 3808 880 3885 haec,
905 3826 981 3891 quae
1001 3800 1222 3879 umatum

126 3916 165 3974 ut
177 3909 296 3975 saltem
308 3916 477 3974 teneamus
491 3932 542 3990 ea,
559 3904 644 3997 'quae
660 3911 758 3994 vulgo
771 3911 923 3977 evenisse
936 3909 1082 3980 cedidit
1096 3905 1223 3993 andro

126 4013 192 4089 tus,
219 4015 253 4077 et
266 4017 415 4097 *quotum
444 4031 608 4083 simmam
623 4016 785 4101 ,proxime
807 4017 852 4082 ad
876 4011 1053 4081 veritatem
1073 4008 1220 4079 accedet·

127 4128 225 4177 nemo
239 4131 342 4181 senne
356 4113 495 4181 dubitet.
