2664 4686
399 307 451 357 sn
471 308 644 361 assinos
666 311 741 361 niu.
766 313 805 362 ιι.
1064 302 1152 371 4129

92 450 287 521 isumus
300 450 426 520 afflavit
438 457 556 535 uentis,
571 462 605 522 et
617 458 756 541 contigit
769 456 860 543 igni!
903 458 947 523 ln
969 456 1153 531 Homerico

92 554 233 639 p'nnoiu
246 554 332 621 ven.
348 556 524 625 287—289
544 565 670 625 tautum
695 561 759 625 hoc
779 562 923 627 minatur
945 561 1078 630 Venus:
1101 567 1155 633 siu

92 658 194 727 ixeris
205 679 300 726 meos
313 661 487 744 amplexus
501 667 535 727 et
548 663 662 747 palum
676 664 853 729 extuleris:
878 662 947 739 Ζτός
967 690 1001 729 σο
1013 665 1154 751 χαλασά-

92 786 125 838 ες
138 761 242 843 βάλοιο
256 760 387 838 ψολόεντι
402 769 548 850 κεραυνῷ;
571 785 618 830 sc.
633 786 698 831 non
716 770 754 830 ut
767 766 853 831 ictus
867 769 1016 848 intereat,
1040 788 1157 837 vetum

93 864 421 933 afflatudehilitetur.
465 865 535 945 Qui
555 867 683 950 primus
701 867 764 932 hoc
788 867 942 933 disertius
964 872 1157 954 exposuerit

92 968 211 1037 cliens
237 988 281 1034 an
300 970 457 1053 tragicus,
481 988 582 1051 equo
595 968 759 1034 forterem
772 972 883 1032 narrat
899 968 1027 1053 Hygin.
1041 970 1067 1035 s.
1080 970 1155 1058 sl),

92 1090 114 1135 ιι
126 1071 280 1154 reperio:
303 1070 365 1135 ssd
379 1070 535 1153 quisquis
549 1071 605 1134 ille
619 1071 684 1135 luit
696 1071 862 1153 antiquior
874 1071 988 1155 potita,
1007 1075 1156 1141 vocabu·

93 1174 211 1256 utique
224 1170 376 1257 τηραυῆιοιι
390 1192 472 1237 usus
486 1178 575 1237 orat:
598 1172 686 1255 quod
711 1173 768 1237 alii
792 1173 837 1237 ad
860 1176 1048 1241 caecitatem
1066 1182 1155 1241 retu·

92 1292 131 1353 e,
145 1293 220 1339 cum
241 1275 375 1358 proprie
395 1293 637 1358 quamcumque
662 1276 811 1358 corporis
836 1295 896 1341 seu
918 1279 1156 1345 truncationem

92 1392 119 1441 u·
131 1374 387 1441 debilitationem
413 1377 538 1442 innunt.
583 1376 709 1441 Similis
723 1378 926 1462 amphilogia
938 1380 1003 1445 fuit
1016 1381 1053 1444 in
1065 1380 1158 1445 Tha·

92 1478 147 1555 pri.
171 1476 219 1543 V.
234 1477 346 1543 Schol.
361 1476 404 1542 ad
418 1476 517 1542 Iliad.
532 1484 571 1555 Β,
587 1477 663 1543 599.
687 1474 785 1543 Adde
796 1479 839 1543 de
853 1479 981 1544 Phineo
996 1477 1156 1563 Apollod.

97 1580 136 1657 9,
148 1578 207 1658 21,
224 1585 258 1644 et
279 1578 375 1664 τορὸς,
397 1576 520 1664 πήρωσις
542 1578 675 1667 tandem
694 1579 845 1645 absolute
857 1601 919 1663 pro
932 1583 1159 1649 excaecatione

92 1678 135 1747 lo.
150 1697 210 1759 ιιι,
223 1681 258 1760 6,
271 1682 305 1746 7.
349 1680 456 1746 Ulcus
469 1700 514 1745 ex
527 1680 675 1745 fulminis
689 1680 760 1747 ictu
771 1681 980 1764 purulentum
993 1683 1159 1749 mansisse

94 1780 257 1849 Anchisae
284 1801 421 1867 corpore
446 1781 624 1865 Sophoclis
651 1800 767 1846 versus
788 1800 833 1846 ex
855 1781 1047 1848 Laocoonte
1058 1802 1160 1868 supra
1216 1798 1236 1823 '¹

92 1884 209 1969 inquis.
235 1901 263 1948 ιι
289 1904 319 1949 s.
336 1901 371 1948 v.
397 1882 535 1960 laudati,
561 1888 597 1947 ut
622 1881 755 1966 quidem
774 1901 796 1946 a
818 1882 997 1949 Plutarcho
1020 1884 1159 1969 ascripti

92 1992 138 2065 ut,
151 1991 300 2069 arguunt
323 1985 451 2051 Versus
464 2004 520 2068 ap.
536 1983 679 2069 Dionys.
696 2000 722 2061 1,
733 1983 834 2051 lesio
844 1984 1010 2068 leguntur:
1033 1982 1160 2051 AEueus

92 2094 242 2173 :portam
254 2091 317 2165 est,
329 2091 368 2150 ut
380 2085 542 2165 discedat,

98 2212 103 2223 ·
224 2188 312 2251 -ir’
326 2184 408 2269 άμοιν
421 2185 519 2274 πατέρ’
534 2186 609 2272 ἔχων
624 2185 766 2274 κεραυνίου

227 2288 328 2353 Νάτου
342 2289 563 2369 καταστάζοντα
576 2288 710 2368 βύσσινον
724 2287 824 2372 φάρος.

92 2396 104 2459 l
125 2390 215 2457 adeo
232 2397 315 2453 νῶτον
329 2390 468 2477 κεραύνιον
484 2392 641 2457 ‘dorsum
653 2389 792 2453 fulmine
805 2387 1021 2471 percmsum,'
1041 2393 1076 2454 et
1089 2388 1162 2457 An·

92 2493 172 2572 less,
199 2494 294 2578 cujus
308 2493 407 2557 dorso
420 2493 522 2556 vestis
536 2491 658 2573 injecta
678 2489 802 2567 defluit,
828 2488 946 2553 dicitur
971 2488 1162 2571 καταστάζαν

109 2593 247 2673 βάσσινον
271 2593 367 2679 φάρος,
390 2592 504 2679 (κατὰ)
530 2597 580 2654 τοῦ
602 2589 700 2654 νάτου.
743 2588 800 2653 Ad
822 2590 917 2671 longe
936 2589 1068 2657 diversa
1082 2593 1163 2659 Plu·

92 2698 159 2765 rchi
171 2700 267 2764 locus
281 2699 374 2763 ducit
387 2698 428 2761 (le
443 2699 517 2763 virt.
531 2702 565 2759 et
576 2695 679 2759 malit.
693 2715 728 2778 p.
744 2694 808 2758 100
826 2712 861 2770 u,
874 2694 931 2756 ubi
942 2693 1164 2762 annihilari·

92 2799 303 2865 sdiffimdere
314 2818 351 2863 se
365 2799 485 2863 dicitur
498 2817 557 2880 per
571 2814 701 2860 omnem
716 2794 816 2858 citimi
831 2796 1047 2878 corporisque
1067 2797 1163 2863 hahi-

92 2888 145 2967 m':
165 2904 203 2975 ὥς
221 2905 282 2985 γάρ
305 2898 448 2984 άρῶματα
471 2897 609 2985 τρίβωνας
632 2894 736 2969 εὐώδεις
761 2895 810 2958 καὶ
837 2895 927 2980 ῥάκια
950 2900 1032 2975 cotti,
1060 2902 1110 2960 τοῦ
1135 2898 1163 2961 δῖ

92 3000 203 3089 micon
216 3002 249 3064 τὸ
263 3001 349 3086 ῥάκος
363 3005 458 3088 ἰχῶρα
470 3001 581 3085 πονηρὸν
596 2997 722 3075 ὅξεδάδου,
757 3030 761 3035 ·
870 2996 877 3005 ’

229 3107 318 3184 porci
333 3102 552 3183 καταστάζοντα
566 3099 699 3181 βύσσινον
714 3096 813 3186 φάρος,

92 3230 143 3279 τις
166 3205 231 3288 μετ’
246 3208 354 3290 αἱρετῆς
379 3206 428 3267 καὶ
453 3204 548 3267 δίαιτα
572 3207 656 3266 τάσα
679 3201 727 3264 καὶ
749 3201 817 3280 βίον
832 3196 943 3275 άλυτάς
964 3201 1026 3263 luta
1043 3200 1091 3264 nal
1107 3200 1165 3265 'ert-

92 3298 166 3393 ρτίς.
213 3307 401 3373 Secundum
423 3308 497 3373 hacc
523 3304 668 3369 Anchisa
692 3304 780 3367 vestis
794 3299 1041 3366 saniem'mulom
1056 3300 1166 3367 edebat

92 3406 267 3511 §llantur
281 3429 319 3470 cs
332 3406 457 3471 υυΙνιννε
466 3428 525 3493 per
537 3406 656 3493 pollam
675 3404 840 3489 byssinam.
886 3402 927 3467 Id
950 3408 1060 3467 minen
1083 3424 1166 3488 quo·

92 3512 159 3579 ullo
172 3514 257 3577 satis
271 3511 444 3578 commode
457 3532 503 3575 ex
516 3511 634 3592 tragici
648 3508 759 3574 verbis
771 3505 857 3571 effici
870 3505 989 3588 possit,
1009 3507 1043 3569 iu
1056 3525 1167 3588 prom·

92 3632 179 3681 thou
193 3621 264 3680 est:
287 3633 365 3679 nam
377 3615 410 3678 in
429 3613 581 3677 versibus
595 3613 657 3676 erit
680 3605 804 3696 τατάρα-
815 3606 1035 3682 καταστάζοντα
1059 3607 1168 3693 (κατά)

92 3712 194 3779 άτσινον
209 3712 298 3802 φάρος
319 3713 386 3803 (ἐκ)
406 3720 493 3797 μοτοῦ
509 3713 672 3801 κεραυνίουτ
694 3718 733 3777 ut
753 3712 837 3791 μοτὸς
850 3710 904 3775 vel
917 3709 1014 3789 μοτόν,
1040 3707 1167 3772 linteum

92 3827 257 3905 mtptum
280 3817 316 3880 in
336 3816 448 3889 υιιΙυιεο
471 3815 540 3879 indi
554 3813 677 3878 solitum
700 3812 871 3899 (Hesych.
895 3809 983 3891 μάτα,
1008 3816 1168 3897 τληροῦντα

92 3916 221 3995 butam
234 3926 289 3983 τῶν
303 3918 476 4005 τραυμάτων
490 3915 574 4005 ῥάκη.
589 3924 738 3981 nostrum
755 3912 917 3999 Churpie),
931 3934 994 3999 pro
1008 3915 1084 3996 ipso
1098 3906 1168 3972 cul-

92 4036 139 4083 κττ
149 4022 273 4088 dictum
286 4024 351 4088 sit:
375 4024 437 4089 erit
460 4043 559 4108 porro
584 4014 774 4099 καταστάξειν
794 4018 943 4085 absolute
964 4016 1089 4080 dictum
1105 4030 1168 4095 pro

92 4123 256 4204 Ιπκστάζοιν
271 4129 377 4211 qipa,
396 4122 480 4208 αἷμα,
502 4122 589 4209 φόνον,
612 4126 671 4187 aut
683 4120 789 4185 simile
802 4118 894 4202 quid.
937 4114 1052 4181 Tertia
1063 4112 1169 4177 foma

139 4256 407 4324 unsarana
607 4256 678 4319 rog.
1041 4246 1104 4298 nr
