2664 4686
110 302 200 370 4302
471 386 476 391 ι
520 314 722 368 excussos
748 316 819 365 vn.
873 344 876 349 -

107 463 109 467 ’
153 462 242 529 Hoec
257 462 394 526 comita
407 482 444 525 se
457 462 927 547 haberent,deligendae.ine1e
941 458 1084 527 Hsrom'
1186 452 1192 477 ³

109 587 153 633 ex
167 565 281 628 multis
293 581 425 644 paucae,
434 582 550 646 eaeque
564 583 632 628 non
643 564 742 629 modo
752 583 854 629 succo
865 574 903 631 et
916 565 1097 646 sanguine,
1106 548 1194 631 Μ’
1234 554 1238 565 '

108 666 210 731 etiam
223 663 339 728 babitu
352 681 393 726 ac
406 663 529 744 specie,
541 669 578 726 ut
592 665 640 728 ita
652 665 773 742 dicam,
785 663 1003 729 Graecanicae
1013 658 1193 731 fabuler·¹

109 764 241 830 liendae.
287 764 364 842 Quo
390 766 466 846 ipso
487 769 521 827 et
542 766 698 829 novitatis
721 765 811 829 alind
832 785 937 847 genus
951 772 1209 833 consecuturis.

109 864 223 949 poeta,
244 870 277 928 et
290 865 462 948 permixtis
477 865 560 928 inter
573 885 610 928 se
624 867 823 949 illigatisque
837 866 963 930 fabulis
979 866 1117 931 Graecis
1129 864 1195 931 lm

110 969 227 1051 cisque
241 971 434 1029 ornamenta
447 965 562 1028 babuit
575 968 610 1028 in
622 974 765 1051 promtu,
780 982 856 1049 quae
870 986 933 1050 pro
947 968 1062 1032 lubitu
1077 974 1133 1033 aut
1143 984 1196 1031 ote

110 1068 186 1132 silio
202 1066 354 1130 adhibere
367 1072 492 1149 posset.
538 1064 729 1147 Originibus
751 1075 861 1132 eutem
884 1069 1098 1151 populorum
1116 1074 1146 1133 ot
1161 1084 1198 1133 ιι·

110 1169 203 1233 bium
219 1166 327 1231 Italiae
342 1186 364 1229 a
377 1164 508 1231 Graecis
522 1170 683 1250 repetitis,
706 1187 771 1232 non
793 1168 895 1233 modo
917 1175 1103 1234 contextum
1118 1184 1197 1233 reru

110 1277 145 1334 et
157 1268 311 1333 carminis
325 1269 494 1350 aequabili,
519 1287 579 1332 nec
602 1288 625 1331 a
648 1288 684 1332 se
710 1270 914 1346 abhorrente,
937 1269 1030 1333 facie
1044 1270 1198 1359 habim,

111 1369 280 1453 procedit:
311 1387 425 1432 verum
454 1370 554 1433 etiam
580 1370 712 1434 fabulas
741 1370 951 1450 Homericos,
978 1391 1061 1455 qnae
1088 1364 1199 1437 card

111 1471 256 1536 omnium
279 1468 425 1532 maxime
447 1470 707 1534 accommodatae
733 1490 809 1534 esse
836 1472 955 1548 solent,
980 1478 1022 1536 ut
1045 1472 1199 1557 adjungn

112 1577 227 1654 posset
241 1568 380 1646 Italicis,
401 1569 550 1653 adeoque
562 1572 786 1635 narrationum
800 1572 915 1655 copias
929 1571 1070 1637 baberet
1082 1572 1200 1656 pmii·

112 1674 226 1747 simas,
252 1670 402 1734 effectum
417 1677 478 1734 est.
524 1670 678 1735 Ceterum
692 1672 725 1734 in
739 1673 803 1735 boc
818 1689 936 1753 genere
950 1671 1200 1737 imitatormh·

112 1770 185 1833 buit
197 1775 390 1851 perpetuum
406 1769 524 1832 Silium
539 1770 707 1848 italicum,
720 1771 914 1855 perdoctum
929 1772 1082 1854 poetam.

111 1914 114 1919 -
156 1868 350 1932 Dardanum
373 1868 505 1951 quidem
528 1889 572 1932 ex
598 1869 744 1952 Corytho
765 1871 904 1934 Etruriae
929 1873 1014 1936 urbe
1036 1878 1141 1939 ortum
1158 1872 1202 1937 bs·

112 1971 237 2047 buisse,
253 1969 399 2034 absurda
412 1976 463 2033 est
474 1971 628 2049 narratio,
652 1973 682 2033 si
697 1972 738 2035 de
751 1973 912 2035 historica
924 1975 1053 2037 ratione
1068 1976 1203 2058 qmerim

112 2072 162 2159 (r.
172 2132 175 2137 .
186 2071 328 2137 Excurs.
354 2090 390 2135 vr
415 2071 457 2135 ad
481 2072 540 2134 lib.
564 2071 637 2154 ιιι).
684 2072 791 2136 Poeta
804 2077 913 2135 tamen
925 2076 1137 2140 oraculorum
1148 2094 1203 2147 ιιι·

114 2176 217 2257 bages
231 2174 266 2238 in
279 2193 320 2238 ea
334 2174 460 2257 egregie
474 2172 627 2237 fundarit
639 2173 723 2257 (vid.
740 2174 841 2256 Disq.
858 2191 899 2252 ιι,
913 2196 949 2257 p.
969 2190 1114 2255 uxxxr,
1132 2172 1204 2241 cosi

116 2291 183 2352 vu,
199 2276 264 2339 205
278 2273 382 2357 sqq).

159 2374 316 2437 Herculis
328 2373 453 2438 reditus
467 2394 526 2456 per
541 2373 686 2451 Italiam,
699 2377 852 2440 abductis
868 2375 1035 2460 Geryonis
1053 2380 1203 2454 armentis,

113 2477 237 2558 dequo
251 2480 321 2537 tam
339 2474 489 2555 jucunda
513 2477 692 2539 instituitur
713 2476 799 2539 libro
821 2495 890 2540 νιιι
914 2481 1073 2559 narratio,
1097 2481 1204 2546 cmo
1236 2494 1238 2499 '

112 2584 167 2642 est
189 2577 311 2651 sabula,
337 2575 464 2637 diverse
490 2595 511 2637 a
535 2576 677 2639 diversis
702 2583 832 2657 omata3
863 2580 940 2642 uide
966 2601 1001 2644 v.
1028 2602 1061 2645 c.
1092 2581 1202 2647 Conon.

116 2678 251 2741 Narrat.
264 2676 287 2738 3
301 2680 378 2756 post
392 2674 534 2756 Dionys.
551 2693 575 2751 1,
598 2678 653 2740 34.
668 2678 712 2742 39
726 2698 799 2762 sqq.
816 2683 850 2743 et
866 2677 1040 2745 Victorem
1055 2682 1098 2746 0.
1113 2682 1154 2748 G.
1167 2680 1202 2746 lt

114 2798 146 2841 c.
160 2778 193 2841 6.

160 2878 271 2942 Missa
284 2879 328 2943 ed
344 2878 541 2943 Diomedem
555 2899 577 2943 a
591 2880 721 2945 Latinis
736 2882 854 2964 legatio
877 2882 920 2945 ad
941 2885 1088 2964 petenda
1105 2886 1202 2950 adrer-

115 3002 175 3067 sus
188 2980 355 3065 'trojanos
369 2981 508 3056 auxilia,
523 2987 556 3044 et
571 2982 715 3044 narratio
728 2983 910 3063 legatorum
926 2982 967 3044 de
983 2984 1155 3050 Diomedis
1164 3002 1202 3048 ro·

116 3085 191 3162 bus,
206 3083 360 3167 praeclari
374 3083 514 3165 episodii
528 3081 658 3145 laudem
672 3083 782 3147 babet.
828 3083 878 3146 Eo
894 3089 1006 3148 autem
1022 3102 1201 3157 careremus,

115 3187 183 3248 nisi
197 3189 291 3247 vetus
306 3182 419 3246 fabula
434 3182 633 3245 Diomedeas
647 3183 775 3245 insulas
788 3184 865 3247 huic
880 3183 970 3247 heroi
982 3188 1201 3257 consecrnsmt,

118 3285 327 3367 Dauniaeque
341 3284 465 3346 vicinia
479 3282 589 3365 poetae
603 3283 712 3346 locum
726 3283 868 3361 fecisset,
889 3304 958 3367 qno
980 3288 1151 3353 commode
1164 3288 1201 3350 iu·

117 3389 186 3450 texi
200 3390 325 3467 posset.
1001 3414 1008 3421 ·

116 3540 119 3547 .
162 3484 421 3549 Pulcherrimum
434 3484 544 3547 locum
559 3486 600 3549 de
615 3484 749 3562 Amata,
761 3487 869 3551 surore
877 3488 1048 3555 Bacchico
1060 3494 1201 3574 correpto

117 3588 176 3651 lib.
204 3604 269 3663 vn,
294 3586 360 3650 376
383 3605 468 3669 sqq,
493 3592 632 3652 tractare
655 3588 755 3671 polita
775 3608 840 3652 non
861 3590 1040 3672 potuisset,
1063 3593 1129 3655 nisi
1143 3604 1202 3656 eun

114 3689 194 3752 aliis
208 3686 339 3752 Graecis
352 3688 470 3751 ritibus
484 3707 524 3751 ac
538 3689 752 3770 religionibus
765 3691 864 3753 etiam
886 3709 985 3754 sacra
1004 3691 1204 3758 Bacchicait

119 3788 251 3854 Italiam
267 3789 357 3853 illata
370 3810 443 3853 esse
457 3810 501 3852 ox
514 3796 562 3853 tot
576 3790 768 3855 Graecarum
782 3812 886 3856 rerum
900 3792 1086 3873 originibus
1102 3794 1206 3878 probs·

118 3895 187 3957 bile
214 3893 321 3957 fieret:
358 3894 438 3956 inter
467 3891 625 3957 Etruscos
652 3893 796 3975 quidem,
825 3899 858 3958 et
880 3894 956 3957 bine
979 3896 1207 3980 perreliqua!

113 3994 263 4073 ¹Italiam,
289 3994 360 4079 jam
387 3996 468 4058 satis
497 3996 640 4077 antiquis
666 3997 867 4078 temporibus
893 4015 935 4059 ea
961 4015 1062 4061 sacra
1089 4000 1209 4080 rampo

117 4096 222 4161 tuisse
242 4116 286 4162 ex
310 4094 460 4162 Etruscis
484 4096 681 4183 Graecisque
703 4097 922 4164 monumentis
947 4098 1125 4181 probatum
1150 4094 1209 4163 slis
