2664 4686
110 282 198 354 Μ
318 296 574 352 nxcuesuesu.
594 295 647 347 so
661 295 965 349 onororcoumn.
983 298 1036 346 rv.

110 445 175 510 irus
200 442 341 510 diverse
366 441 453 505 locis
480 439 594 523 capim
620 457 661 504 ac
683 439 792 509 sontes
818 442 994 509 fluvium-
1021 445 1212 528 procedunt,

112 547 316 628 dierum
337 542 548 625 intor'sylvus
567 540 703 605 dominu
717 543 780 606 snb
794 549 880 610 erra
894 563 993 610 cursu
1007 545 1103 611 fecto
1114 566 1214 614 m.

111 653 194 731 gunt
205 651 240 710 et
254 644 400 709 amnium
413 643 520 708 sontes
533 661 637 726 supra
647 648 766 707 terrem
780 647 992 712 coustimrmt.
1024 647 1082 713 Ex
1095 667 1215 734 magno

109 748 174 815 hoc
193 764 385 829 magnorum
396 744 566 809 fluminum
579 763 716 811 numero
730 752 800 813 eret
813 766 946 831 qnoque
961 748 1109 815 Peneus.
1139 750 1215 816 F'n-

113 867 230 934 mius
252 849 407 932 juvenem
428 864 492 928 per
514 845 637 911 fontem
661 844 839 912 demissrm
863 848 902 912 in
923 849 1216 917 immensumiiind

112 968 273 1034 uquarum
299 966 436 1029 regnum
463 946 722 1023 subterraneum,
751 945 930 1013 deductum
964 967 1041 1015 osse
1072 952 1110 1015 in
1143 973 1215 1018 een

110 1056 251 1136 purtem,
265 1068 340 1113 eem
363 1066 550 1124 cavernam,
566 1066 642 1130 quoe
666 1064 729 1132 pro
752 1048 851 1126 iente,
867 1049 1021 1133 adeoquo
1043 1072 1107 1134 pro
1127 1055 1216 1137 regia

110 1152 228 1228 Penei,
242 1157 345 1230 essen
367 1157 447 1234 pute
460 1168 535 1213 esse
548 1168 702 1231 magnum
716 1148 853 1233 aliquod
868 1169 1000 1233 specus,
1015 1150 1117 1236 quale
1136 1155 1216 1219 illud

112 1253 342 1337 Nympharum
357 1253 393 1314 in
413 1251 505 1314 editu
519 1251 644 1316 Ithace
659 1250 748 1333 apud
764 1251 965 1317 Homerum.
1008 1252 1147 1336 Specus
1156 1257 1216 1320 hoc

109 1373 172 1441 pro
187 1351 324 1415 thalamo
341 1351 503 1436 Cyrenes3
526 1351 684 1415 ‘thalami
708 1353 886 1435 pendentia
908 1354 1042 1436 pumice
1057 1355 1160 1421 tecte’
1182 1376 1214 1421 v.

108 1437 193 1524 374:
216 1458 375 1541 reliquae
389 1457 604 1520 vituheroum
619 1475 660 1519 ac
677 1455 822 1519 Deorum
831 1461 908 1519 sunt
922 1455 1048 1538 petitu:
1070 1458 1217 1522 assident

108 1559 144 1624 ei
157 1557 325 1643 Nymphae
340 1577 428 1640 opus
450 1556 605 1620 facientes
624 1557 690 1621 884
704 1577 768 1640 sq,
784 1557 932 1621 assident
947 1556 1055 1619 uitreis
1070 1557 1216 1622 sedilibus

71 1661 73 1666 ’
108 1660 186 1724 850.
215 1659 408 1723 Pervenitur
420 1659 464 1722 ed
478 1658 560 1722 illud
576 1658 679 1722 Penei
693 1678 814 1741 specus
828 1659 991 1722 descensu
1005 1657 1050 1721 ed
1062 1679 1215 1742 magnum

109 1760 200 1825 illam
215 1758 397 1827 cuvernam
410 1759 510 1837 facio,
525 1759 657 1841 qualem
679 1759 873 1823 descensum
893 1760 1044 1842 praebere
1058 1761 1146 1825 adeo
1160 1781 1215 1826 ne-

110 1879 204 1926 cesse
217 1867 268 1925 est
280 1879 392 1924 omnes
414 1860 588 1924 fluviorum
609 1859 715 1924 sontes
737 1880 782 1923 ex
804 1862 973 1945 specubus
989 1847 1127 1942 prodire
1139 1863 1215 1926 soii-

109 1968 176 2028 tos.
221 1962 339 2045 iraque
352 1968 386 2026 et
400 1959 562 2026 Aristeus
584 1980 661 2025 oum
677 1968 818 2026 matrem
836 1960 986 2046 Cyrenen
1000 1961 1094 2025 edire
1108 1964 1215 2042 vellet,

109 2063 291 2130 adsonem
306 2061 411 2126 Penei
422 2062 580 2126 accessit:
604 2061 745 2126 ‘Tristis
760 2062 803 2126 ad
817 2063 955 2126 extremi
969 2082 1104 2127 sucrum
1116 2072 1215 2151 eaput

109 2165 214 2237 entim
239 2162 367 2227 arenis!
401 2161 487 2238 villa,
513 2162 575 2225 cisi
589 2162 745 2226 interiora
764 2168 869 2238 ienae,
884 2181 1021 2246 specum
1035 2182 1076 2228 ae
1090 2171 1214 2248 periero

108 2285 239 2347 magnae
257 2266 353 2330 istius
375 2263 547 2340 eavemae,
561 2282 629 2346 quo
645 2262 723 2328 loco
743 2262 847 2328 Penei
864 2265 970 2348 petris
992 2271 1064 2329 erat
1085 2266 1215 2345 domus,

102 2366 324 2442 inhabitabat,
335 2370 422 2429 recte
436 2369 544 2428 temen
557 2363 620 2427 sub
634 2363 724 2427 sonte
738 2362 842 2427 Penei
855 2364 972 2446 degere
985 2364 1055 2429 dici
1063 2371 1214 2448 poterae:

110 2470 121 2503 ⁴
136 2486 211 2549 quae
225 2468 361 2550 gurgitis
375 2467 474 2551 hujus
481 2463 560 2545 Ima
573 2469 664 2528 tenes
675 2463 695 2544 ;'
710 2471 754 2544 et,
769 2469 780 2499 ⁴
795 2466 1056 2530 metersonitum
1070 2467 1215 2534 tirsum

111 2568 174 2631 sub
187 2567 331 2655 fluminis
346 2563 404 2629 alti
419 2563 550 2630 Sensit!
584 2565 674 2629 'an
688 2569 699 2599 ⁴
715 2570 792 2630 ente
806 2565 893 2631 olias
906 2563 1075 2630 metisse
1087 2586 1215 2636 sorores

110 2665 340 2748 Prospiciens,
364 2683 494 2728 summe
514 2664 638 2728 flevum
653 2671 755 2750 ceput
776 2667 895 2730 extulit
915 2666 1013 2731 unda'
1037 2668 1116 2734 351.
1139 2670 1215 2748 W,

111 2766 261 2849 adeoque
274 2785 333 2849 per
352 2765 473 2829 sontem
494 2766 676 2849 prospexit
723 2764 803 2843 Quo
826 2767 926 2830 modo
945 2768 1009 2832 hoc
1029 2767 1102 2832 fieri
1119 2775 1213 2854 pour-

110 2865 189 2931 erit:
212 2871 300 2930 recte
313 2865 495 2946 nonettr‘git
508 2863 628 2948 poeta:
650 2866 835 2930 adsensum
848 2868 1025 2948 enimsetis
1039 2870 1214 2936 commodo

111 2988 165 3034 res
178 2967 330 3050 expediri
343 2966 467 3049 nequit.
512 2966 612 3032 Nunc
630 2972 734 3032 meter
756 2967 860 3032 filium
876 2969 973 3053 jubet
993 2969 1212 3036 descenderet

110 3071 199 3136 haud
213 3069 312 3134 dubie
325 3088 383 3152 per
394 3066 518 3131 sontem
533 3067 650 3143 Penei,
666 3067 744 3130 dum
767 3087 873 3150 aquus
894 3068 1064 3133 discedere
1078 3075 1113 3134 et
1125 3072 1214 3136 vium

112 3170 145 3234 ei
156 3188 274 3253 parere
288 3168 403 3234 edicit:
427 3168 549 3243 feimul
570 3168 636 3232 altu
653 3167 750 3250 jubet
771 3167 941 3233 discedere
962 3170 1029 3234 lade
1048 3169 1213 3248 Flumine,

114 3291 181 3354 qua
189 3269 322 3353 juvenis
337 3289 469 3349 gressus
482 3270 614 3333 inferret
625 3267 644 3332 :’
665 3269 741 3334 859.
757 3269 833 3334 860.
878 3269 977 3335 Nunc
991 3269 1134 3336 traditur
1144 3288 1214 3338 mo·
1227 3280 1235 3289 “’

112 3371 192 3437 dus:
215 3356 313 3454 uquoe
329 3370 428 3434 fontis
442 3369 545 3436 Penei
558 3370 594 3433 in
607 3368 718 3434 medie
739 3370 793 3434 sui
812 3377 906 3453 perde
926 3389 1088 3452 repremae
1104 3390 1213 3438 essur-

111 3478 191 3556 gunt
203 3474 238 3535 in
250 3472 369 3535 montis
382 3473 536 3536 excavati
549 3473 706 3556 speciem,
721 3478 755 3536 et
768 3477 926 3553 tanquam
938 3472 1042 3548 viem,
1067 3473 1104 3535 in
1118 3490 1214 3538 arem

112 3574 259 3658 speciem
278 3571 412 3648 factam,
430 3573 595 3654 praebent:
619 3569 793 3637 ‘Curvus
813 3572 849 3635 in
868 3572 991 3636 montis
1011 3570 1135 3636 faciem
1154 3574 1214 3639 eir-

112 3674 278 3742 cumstetit
292 3673 392 3750 unde,
403 3672 609 3757 Accepitque
622 3675 695 3737 sinu
709 3684 806 3739 vesto
816 3674 974 3756 misitque
981 3673 1044 3737 sub
1054 3673 1217 3738 mun?

103 3776 188 3843 861.
208 3774 284 3840 862.
328 3774 414 3837 'l'rrm
438 3774 493 3838 ille
516 3776 552 3837 in
573 3792 727 3855 magnum
750 3774 842 3839 illum
865 3772 1062 3852 Cavernam,
1080 3773 1126 3847 do
1149 3793 1216 3860 qua

112 3879 218 3963 penio
229 3883 304 3941 anic
318 3875 451 3953 dictum,
467 3876 555 3940 unde
576 3877 745 3941 fluminum
764 3875 908 3941 exordia
925 3881 959 3941 et
978 3876 1086 3941 fontes
1098 3894 1216 3960 proce·

113 3978 202 4058 dunt,
217 3977 366 4062 pervenit
379 3982 412 4040 et
424 3967 460 4039 in
471 3978 586 4042 matris
605 3975 728 4041 domum
750 3996 808 4040 seu
830 3974 1001 4040 thalamum
1015 3976 1195 4045 addudere
1207 3998 1217 4043 ε

92 4129 94 4133 Α
114 4075 240 4165 ace-sq.
264 4077 478 4147 Cumuluntur
501 4078 576 4154 ‚iruee
595 4079 630 4144 in
648 4098 718 4146 uss.
735 4079 803 4146 368
820 4098 895 4166 sqq.
917 4080 1053 4149 mirum
1079 4081 1219 4151 dorm
