<?xml version="1.0" encoding="UTF-8"?>
<!DOCTYPE html PUBLIC "-//W3C//DTD XHTML 1.0 Transitional//EN"
    "http://www.w3.org/TR/xhtml1/DTD/xhtml1-transitional.dtd">
<html xmlns="http://www.w3.org/1999/xhtml" xml:lang="en" lang="en">
 <head>
  <title>
</title>
<meta http-equiv="Content-Type" content="text/html;charset=utf-8" />
  <meta name='ocr-system' content='tesseract 3.04.00' />
  <meta name='ocr-capabilities' content='ocr_page ocr_carea ocr_par ocr_line ocrx_word'/>
</head>
<body>
  <div class='ocr_page' id='page_1' title='image "./pvirgiliimaroni00virggoog/pvirgiliimaroni00virggoog_0247.png"; bbox 0 0 2664 4686; ppageno 0'>
   <div class='ocr_carea' id='block_1_1' title="bbox 121 269 811 347">
    <p class='ocr_par' dir='ltr' id='par_1_1' title="bbox 121 269 811 347">
     <span class='ocr_line' id='line_1_1' title="bbox 121 269 811 347; baseline 0.006 -16"><span class='ocrx_word' id='word_1_1' title='bbox 121 271 210 347; x_wconf 64' lang='lat'><strong>4192</strong></span> <span class='ocrx_word' id='word_1_2' title='bbox 533 269 730 334; x_wconf 78' lang='lat' dir='ltr'><strong>excussus</strong></span> <span class='ocrx_word' id='word_1_3' title='bbox 751 283 811 335; x_wconf 93' lang='grc' dir='ltr'><strong><em>ιιι.</em></strong></span> 
     </span>
    </p>
   </div>
   <div class='ocr_carea' id='block_1_2' title="bbox 125 397 1218 515">
    <p class='ocr_par' dir='ltr' id='par_1_2' title="bbox 125 397 1218 515">
     <span class='ocr_line' id='line_1_2' title="bbox 125 397 1218 515; baseline -0.001 -19"><span class='ocrx_word' id='word_1_4' title='bbox 125 397 259 502; x_wconf 77' lang='lat' dir='ltr'><strong>Festum</strong></span> <span class='ocrx_word' id='word_1_5' title='bbox 284 433 319 497; x_wconf 89' lang='lat' dir='ltr'><strong>in</strong></span> <span class='ocrx_word' id='word_1_6' title='bbox 341 427 666 515; x_wconf 61' lang='lat' dir='ltr'><strong>festissimum</strong></span> <span class='ocrx_word' id='word_1_7' title='bbox 695 425 820 493; x_wconf 78' lang='lat' dir='ltr'><strong>Veneris</strong></span> <span class='ocrx_word' id='word_1_8' title='bbox 841 423 961 510; x_wconf 71' lang='lat' dir='ltr'><strong>Frate,</strong></span> <span class='ocrx_word' id='word_1_9' title='bbox 985 432 1063 498; x_wconf 88' lang='lat' dir='ltr'><strong>scil.</strong></span> <span class='ocrx_word' id='word_1_10' title='bbox 1089 450 1112 496; x_wconf 90' lang='lat' dir='ltr'><strong>a</strong></span> <span class='ocrx_word' id='word_1_11' title='bbox 1135 427 1218 510; x_wconf 78' lang='lat' dir='ltr'><strong>Fm,</strong></span> 
     </span>
    </p>
   </div>
   <div class='ocr_carea' id='block_1_3' title="bbox 115 533 1214 2538">
    <p class='ocr_par' dir='ltr' id='par_1_3' title="bbox 121 533 317 622">
     <span class='ocr_line' id='line_1_3' title="bbox 121 533 317 622; baseline -0.005 -21"><span class='ocrx_word' id='word_1_12' title='bbox 121 533 317 622; x_wconf 71' lang='lat' dir='ltr'><strong>sindefruor.</strong></span> 
     </span>
    </p>

    <p class='ocr_par' dir='ltr' id='par_1_4' title="bbox 122 635 1214 1018">
     <span class='ocr_line' id='line_1_4' title="bbox 165 635 1214 722; baseline -0.005 -18"><span class='ocrx_word' id='word_1_13' title='bbox 165 641 257 704; x_wconf 89' lang='lat' dir='ltr'><strong>Bene</strong></span> <span class='ocrx_word' id='word_1_14' title='bbox 280 641 379 703; x_wconf 84' lang='lat' dir='ltr'><strong>etiam</strong></span> <span class='ocrx_word' id='word_1_15' title='bbox 403 636 548 716; x_wconf 76' lang='lat' dir='ltr'><strong>Acestae,</strong></span> <span class='ocrx_word' id='word_1_16' title='bbox 567 638 633 704; x_wconf 90' lang='lat' dir='ltr'><strong>boc</strong></span> <span class='ocrx_word' id='word_1_17' title='bbox 653 643 715 714; x_wconf 74' lang='lat' dir='ltr'><strong>est,</strong></span> <span class='ocrx_word' id='word_1_18' title='bbox 735 636 895 717; x_wconf 68' lang='lat' dir='ltr'><strong>Segeste,</strong></span> <span class='ocrx_word' id='word_1_19' title='bbox 912 635 1112 721; x_wconf 74' lang='lat' dir='ltr'><strong>primordiis</strong></span> <span class='ocrx_word' id='word_1_20' title='bbox 1131 637 1214 722; x_wconf 69' lang='lat' dir='ltr'><strong>bujo</strong></span> 
     </span>
     <span class='ocr_line' id='line_1_5' title="bbox 122 737 1212 825; baseline -0.006 -18"><span class='ocrx_word' id='word_1_21' title='bbox 122 742 233 825; x_wconf 77' lang='lat' dir='ltr'><strong>templi</strong></span> <span class='ocrx_word' id='word_1_22' title='bbox 254 742 345 821; x_wconf 88' lang='lat' dir='ltr'><strong>origo</strong></span> <span class='ocrx_word' id='word_1_23' title='bbox 364 740 585 824; x_wconf 77' lang='lat' dir='ltr'><strong>subjungitur3</strong></span> <span class='ocrx_word' id='word_1_24' title='bbox 608 759 684 804; x_wconf 90' lang='lat' dir='ltr'><strong>nam</strong></span> <span class='ocrx_word' id='word_1_25' title='bbox 703 741 825 803; x_wconf 83' lang='lat' dir='ltr'><strong>mansit</strong></span> <span class='ocrx_word' id='word_1_26' title='bbox 843 739 875 802; x_wconf 90' lang='lat' dir='ltr'><strong>in</strong></span> <span class='ocrx_word' id='word_1_27' title='bbox 897 737 1153 821; x_wconf 79' lang='lat' dir='ltr'><strong>Segestanorum</strong></span> <span class='ocrx_word' id='word_1_28' title='bbox 1171 737 1212 800; x_wconf 75' lang='lat' dir='ltr'><strong>di</strong></span> 
     </span>
     <span class='ocr_line' id='line_1_6' title="bbox 122 837 1209 925; baseline -0.004 -19"><span class='ocrx_word' id='word_1_29' title='bbox 122 844 210 907; x_wconf 75' lang='lat' dir='ltr'><strong>tione</strong></span> <span class='ocrx_word' id='word_1_30' title='bbox 232 843 331 905; x_wconf 81' lang='lat' dir='ltr'><strong>etiam</strong></span> <span class='ocrx_word' id='word_1_31' title='bbox 353 839 396 905; x_wconf 83' lang='lat' dir='ltr'><strong>ad</strong></span> <span class='ocrx_word' id='word_1_32' title='bbox 420 843 542 904; x_wconf 83' lang='lat' dir='ltr'><strong>seriora</strong></span> <span class='ocrx_word' id='word_1_33' title='bbox 564 847 711 925; x_wconf 85' lang='lat' dir='ltr'><strong>tempore</strong></span> <span class='ocrx_word' id='word_1_34' title='bbox 735 841 798 904; x_wconf 92' lang='lat' dir='ltr'><strong>boc</strong></span> <span class='ocrx_word' id='word_1_35' title='bbox 823 838 992 921; x_wconf 88' lang='lat' dir='ltr'><strong>templum,</strong></span> <span class='ocrx_word' id='word_1_36' title='bbox 1013 844 1053 903; x_wconf 81' lang='lat' dir='ltr'><strong>nt</strong></span> <span class='ocrx_word' id='word_1_37' title='bbox 1076 837 1160 917; x_wconf 78' lang='lat' dir='ltr'><strong>satis</strong></span> <span class='ocrx_word' id='word_1_38' title='bbox 1175 856 1209 901; x_wconf 84' lang='lat' dir='ltr'><strong>ex</strong></span> 
     </span>
     <span class='ocr_line' id='line_1_7' title="bbox 122 939 918 1018; baseline -0.004 -12"><span class='ocrx_word' id='word_1_39' title='bbox 122 941 228 1006; x_wconf 87' lang='lat' dir='ltr'><strong>Cicer.</strong></span> <span class='ocrx_word' id='word_1_40' title='bbox 242 940 391 1004; x_wconf 88' lang='lat' dir='ltr'><strong>Verrinis</strong></span> <span class='ocrx_word' id='word_1_41' title='bbox 405 946 439 1005; x_wconf 86' lang='lat' dir='ltr'><strong>et</strong></span> <span class='ocrx_word' id='word_1_42' title='bbox 452 941 537 1004; x_wconf 84' lang='lat' dir='ltr'><strong>Tac.</strong></span> <span class='ocrx_word' id='word_1_43' title='bbox 552 939 639 1006; x_wconf 87' lang='lat' dir='ltr'><strong>Anu.</strong></span> <span class='ocrx_word' id='word_1_44' title='bbox 655 957 706 1018; x_wconf 84' lang='grc' dir='ltr'><strong><em>ιν,</em></strong></span> <span class='ocrx_word' id='word_1_45' title='bbox 720 941 764 1004; x_wconf 84' lang='grc'><strong>43</strong></span> <span class='ocrx_word' id='word_1_46' title='bbox 777 944 918 1004; x_wconf 77' lang='lat' dir='ltr'><strong>constat.</strong></span> 
     </span>
    </p>

    <p class='ocr_par' dir='ltr' id='par_1_5' title="bbox 120 1037 1206 1529">
     <span class='ocr_line' id='line_1_8' title="bbox 165 1037 1206 1126; baseline 0 -21"><span class='ocrx_word' id='word_1_47' title='bbox 165 1041 266 1124; x_wconf 81' lang='lat' dir='ltr'><strong>Quod</strong></span> <span class='ocrx_word' id='word_1_48' title='bbox 294 1042 335 1104; x_wconf 88' lang='lat' dir='ltr'><strong>de</strong></span> <span class='ocrx_word' id='word_1_49' title='bbox 366 1038 518 1103; x_wconf 74' lang='lat' dir='ltr'><strong>Anchiseo</strong></span> <span class='ocrx_word' id='word_1_50' title='bbox 546 1041 582 1104; x_wconf 87' lang='lat' dir='ltr'><strong>in</strong></span> <span class='ocrx_word' id='word_1_51' title='bbox 611 1040 718 1126; x_wconf 87' lang='lat' dir='ltr'><strong>Eryce</strong></span> <span class='ocrx_word' id='word_1_52' title='bbox 746 1040 959 1123; x_wconf 80' lang='lat' dir='ltr'><strong>subjrmgitur,</strong></span> <span class='ocrx_word' id='word_1_53' title='bbox 988 1058 1023 1103; x_wconf 86' lang='lat' dir='ltr'><strong>v.</strong></span> <span class='ocrx_word' id='word_1_54' title='bbox 1045 1039 1126 1105; x_wconf 78' lang='grc'><strong>760.</strong></span> <span class='ocrx_word' id='word_1_55' title='bbox 1145 1037 1206 1115; x_wconf 76' lang='lat'><strong>7⁶1,</strong></span> 
     </span>
     <span class='ocr_line' id='line_1_9' title="bbox 120 1137 1206 1224; baseline -0.002 -14"><span class='ocrx_word' id='word_1_56' title='bbox 120 1145 221 1211; x_wconf 88' lang='lat' dir='ltr'><strong>babet</strong></span> <span class='ocrx_word' id='word_1_57' title='bbox 248 1148 281 1206; x_wconf 86' lang='lat' dir='ltr'><strong>et</strong></span> <span class='ocrx_word' id='word_1_58' title='bbox 309 1143 417 1224; x_wconf 87' lang='lat' dir='ltr'><strong>ipsum</strong></span> <span class='ocrx_word' id='word_1_59' title='bbox 442 1142 634 1209; x_wconf 77' lang='lat' dir='ltr'><strong>historicam</strong></span> <span class='ocrx_word' id='word_1_60' title='bbox 655 1141 823 1206; x_wconf 86' lang='lat' dir='ltr'><strong>rationem.</strong></span> <span class='ocrx_word' id='word_1_61' title='bbox 868 1137 995 1223; x_wconf 81' lang='lat' dir='ltr'><strong>Hygiu.</strong></span> <span class='ocrx_word' id='word_1_62' title='bbox 1019 1138 1045 1203; x_wconf 78' lang='lat' dir='ltr'><strong>f.</strong></span> <span class='ocrx_word' id='word_1_63' title='bbox 1066 1139 1134 1206; x_wconf 73' lang='lat'><strong>260</strong></span> <span class='ocrx_word' id='word_1_64' title='bbox 1160 1139 1206 1207; x_wconf 82' lang='lat' dir='ltr'><strong>‘io</strong></span> 
     </span>
     <span class='ocr_line' id='line_1_10' title="bbox 120 1237 1203 1326; baseline -0.002 -17"><span class='ocrx_word' id='word_1_65' title='bbox 120 1245 183 1310; x_wconf 91' lang='lat' dir='ltr'><strong>hoc</strong></span> <span class='ocrx_word' id='word_1_66' title='bbox 197 1250 307 1308; x_wconf 87' lang='lat' dir='ltr'><strong>autem</strong></span> <span class='ocrx_word' id='word_1_67' title='bbox 320 1248 429 1308; x_wconf 86' lang='lat' dir='ltr'><strong>monte</strong></span> <span class='ocrx_word' id='word_1_68' title='bbox 443 1242 564 1307; x_wconf 91' lang='lat' dir='ltr'><strong>dicitur</strong></span> <span class='ocrx_word' id='word_1_69' title='bbox 583 1244 683 1306; x_wconf 82' lang='lat' dir='ltr'><strong>etiam</strong></span> <span class='ocrx_word' id='word_1_70' title='bbox 702 1239 865 1306; x_wconf 81' lang='lat' dir='ltr'><strong>Anchises</strong></span> <span class='ocrx_word' id='word_1_71' title='bbox 878 1239 1030 1326; x_wconf 74' lang='lat' dir='ltr'><strong>sepultus</strong></span> <span class='ocrx_word' id='word_1_72' title='bbox 1038 1239 1060 1321; x_wconf 71' lang='grc' dir='ltr'><strong>ς’</strong></span> <span class='ocrx_word' id='word_1_73' title='bbox 1080 1242 1143 1307; x_wconf 78' lang='lat' dir='ltr'><strong>em</strong></span> <span class='ocrx_word' id='word_1_74' title='bbox 1154 1237 1203 1315; x_wconf 68' lang='lat' dir='ltr'><strong>(is,</strong></span> 
     </span>
     <span class='ocr_line' id='line_1_11' title="bbox 121 1336 1202 1435; baseline 0.002 -26"><span class='ocrx_word' id='word_1_75' title='bbox 121 1345 295 1410; x_wconf 83' lang='lat' dir='ltr'><strong>Fabricius</strong></span> <span class='ocrx_word' id='word_1_76' title='bbox 319 1364 386 1408; x_wconf 91' lang='lat' dir='ltr'><strong>non</strong></span> <span class='ocrx_word' id='word_1_77' title='bbox 410 1344 495 1407; x_wconf 86' lang='lat' dir='ltr'><strong>male</strong></span> <span class='ocrx_word' id='word_1_78' title='bbox 517 1336 706 1426; x_wconf 77' lang='lat' dir='ltr'><strong>suspicatur</strong></span> <span class='ocrx_word' id='word_1_79' title='bbox 728 1342 773 1409; x_wconf 88' lang='lat' dir='ltr'><strong>ad</strong></span> <span class='ocrx_word' id='word_1_80' title='bbox 797 1343 958 1435; x_wconf 75' lang='lat' dir='ltr'><strong>templum</strong></span> <span class='ocrx_word' id='word_1_81' title='bbox 979 1350 1016 1410; x_wconf 82' lang='lat' dir='ltr'><strong>et</strong></span> <span class='ocrx_word' id='word_1_82' title='bbox 1038 1341 1202 1411; x_wconf 59' lang='lat' dir='ltr'><strong>Fanum</strong></span> 
     </span>
     <span class='ocr_line' id='line_1_12' title="bbox 120 1434 664 1529; baseline -0.002 -17"><span class='ocrx_word' id='word_1_83' title='bbox 120 1434 166 1511; x_wconf 83' lang='lat' dir='ltr'><strong>D.</strong></span> <span class='ocrx_word' id='word_1_84' title='bbox 182 1444 328 1511; x_wconf 83' lang='lat' dir='ltr'><strong>Caesaris</strong></span> <span class='ocrx_word' id='word_1_85' title='bbox 341 1444 475 1529; x_wconf 82' lang='lat' dir='ltr'><strong>po&#39;e&#39;tam</strong></span> <span class='ocrx_word' id='word_1_86' title='bbox 490 1447 664 1528; x_wconf 84' lang='lat' dir='ltr'><strong>respicere.</strong></span> 
     </span>
    </p>

    <p class='ocr_par' dir='ltr' id='par_1_6' title="bbox 115 1545 1203 2538">
     <span class='ocr_line' id='line_1_13' title="bbox 161 1545 1201 1631; baseline -0.004 -18"><span class='ocrx_word' id='word_1_87' title='bbox 161 1547 322 1626; x_wconf 80' lang='lat' dir='ltr'><strong>Tandem,</strong></span> <span class='ocrx_word' id='word_1_88' title='bbox 336 1547 398 1612; x_wconf 85' lang='lat' dir='ltr'><strong>etsi</strong></span> <span class='ocrx_word' id='word_1_89' title='bbox 417 1545 487 1611; x_wconf 90' lang='lat' dir='ltr'><strong>ludi</strong></span> <span class='ocrx_word' id='word_1_90' title='bbox 506 1545 657 1613; x_wconf 79' lang='lat' dir='ltr'><strong>funebres</strong></span> <span class='ocrx_word' id='word_1_91' title='bbox 673 1546 783 1630; x_wconf 73' lang='lat' dir='ltr'><strong>poiiiae</strong></span> <span class='ocrx_word' id='word_1_92' title='bbox 798 1547 930 1631; x_wconf 81' lang='lat' dir='ltr'><strong>ingenio</strong></span> <span class='ocrx_word' id='word_1_93' title='bbox 948 1550 982 1611; x_wconf 85' lang='lat' dir='ltr'><strong>et</strong></span> <span class='ocrx_word' id='word_1_94' title='bbox 1002 1546 1145 1613; x_wconf 87' lang='lat' dir='ltr'><strong>Homeri</strong></span> <span class='ocrx_word' id='word_1_95' title='bbox 1157 1565 1201 1611; x_wconf 69' lang='lat' dir='ltr'><strong>en.</strong></span> 
     </span>
     <span class='ocr_line' id='line_1_14' title="bbox 119 1643 1200 1739; baseline 0.003 -27"><span class='ocrx_word' id='word_1_96' title='bbox 119 1649 229 1732; x_wconf 84' lang='lat' dir='ltr'><strong>emplo</strong></span> <span class='ocrx_word' id='word_1_97' title='bbox 242 1648 399 1713; x_wconf 83' lang='lat' dir='ltr'><strong>debentur</strong></span> <span class='ocrx_word' id='word_1_98' title='bbox 412 1646 469 1726; x_wconf 81' lang='lat' dir='ltr'><strong>(cs.</strong></span> <span class='ocrx_word' id='word_1_99' title='bbox 492 1646 536 1710; x_wconf 88' lang='lat' dir='ltr'><strong>ad</strong></span> <span class='ocrx_word' id='word_1_100' title='bbox 558 1668 607 1731; x_wconf 89' lang='lat' dir='ltr'><strong>pr.</strong></span> <span class='ocrx_word' id='word_1_101' title='bbox 628 1647 687 1711; x_wconf 91' lang='lat' dir='ltr'><strong>lib.</strong></span> <span class='ocrx_word' id='word_1_102' title='bbox 702 1643 752 1731; x_wconf 88' lang='lat' dir='ltr'><strong>v),</strong></span> <span class='ocrx_word' id='word_1_103' title='bbox 774 1647 898 1713; x_wconf 73' lang='lat' dir='ltr'><strong>inferire</strong></span> <span class='ocrx_word' id='word_1_104' title='bbox 919 1647 1200 1739; x_wconf 67' lang='lat' dir='ltr'><strong>tomeudndr‘noe,</strong></span> 
     </span>
     <span class='ocr_line' id='line_1_15' title="bbox 120 1749 1201 1838; baseline 0.003 -25"><span class='ocrx_word' id='word_1_105' title='bbox 120 1752 152 1813; x_wconf 90' lang='lat' dir='ltr'><strong>iu</strong></span> <span class='ocrx_word' id='word_1_106' title='bbox 176 1749 292 1814; x_wconf 87' lang='lat' dir='ltr'><strong>Sicilia</strong></span> <span class='ocrx_word' id='word_1_107' title='bbox 316 1751 428 1826; x_wconf 73' lang='lat' dir='ltr'><strong>factm,</strong></span> <span class='ocrx_word' id='word_1_108' title='bbox 446 1754 479 1812; x_wconf 86' lang='lat' dir='ltr'><strong>et</strong></span> <span class='ocrx_word' id='word_1_109' title='bbox 502 1749 712 1813; x_wconf 86' lang='lat' dir='ltr'><strong>novemdiale</strong></span> <span class='ocrx_word' id='word_1_110' title='bbox 733 1769 863 1838; x_wconf 81' lang='lat' dir='ltr'><strong>sacrum</strong></span> <span class='ocrx_word' id='word_1_111' title='bbox 886 1750 1061 1833; x_wconf 79' lang='lat' dir='ltr'><strong>antiquam</strong></span> <span class='ocrx_word' id='word_1_112' title='bbox 1079 1751 1201 1817; x_wconf 72' lang='lat' dir='ltr'><strong>museo</strong></span> 
     </span>
     <span class='ocr_line' id='line_1_16' title="bbox 118 1847 1200 1930; baseline 0.004 -20"><span class='ocrx_word' id='word_1_113' title='bbox 118 1849 319 1912; x_wconf 86' lang='lat' dir='ltr'><strong>memoriam.</strong></span> <span class='ocrx_word' id='word_1_114' title='bbox 363 1847 464 1913; x_wconf 82' lang='lat' dir='ltr'><strong>Ovid.</strong></span> <span class='ocrx_word' id='word_1_115' title='bbox 488 1847 581 1913; x_wconf 84' lang='lat' dir='ltr'><strong>Fast.</strong></span> <span class='ocrx_word' id='word_1_116' title='bbox 604 1866 645 1926; x_wconf 87' lang='lat'><strong>11,</strong></span> <span class='ocrx_word' id='word_1_117' title='bbox 668 1850 745 1930; x_wconf 78' lang='lat'><strong>5⁴3,</strong></span> <span class='ocrx_word' id='word_1_118' title='bbox 771 1851 830 1916; x_wconf 88' lang='lat' dir='ltr'><strong>ubi</strong></span> <span class='ocrx_word' id='word_1_119' title='bbox 855 1850 897 1914; x_wconf 92' lang='lat' dir='ltr'><strong>de</strong></span> <span class='ocrx_word' id='word_1_120' title='bbox 924 1853 1046 1917; x_wconf 83' lang='lat' dir='ltr'><strong>annuis</strong></span> <span class='ocrx_word' id='word_1_121' title='bbox 1066 1853 1200 1918; x_wconf 72' lang='lat' dir='ltr'><strong>inimiis:</strong></span> 
     </span>
     <span class='ocr_line' id='line_1_17' title="bbox 119 1948 1202 2035; baseline 0.008 -22"><span class='ocrx_word' id='word_1_122' title='bbox 119 1948 246 2014; x_wconf 84' lang='lat' dir='ltr'><strong>‘Hunc</strong></span> <span class='ocrx_word' id='word_1_123' title='bbox 275 1969 399 2014; x_wconf 87' lang='lat' dir='ltr'><strong>morem</strong></span> <span class='ocrx_word' id='word_1_124' title='bbox 422 1950 549 2013; x_wconf 86' lang='lat' dir='ltr'><strong>AEneas</strong></span> <span class='ocrx_word' id='word_1_125' title='bbox 578 1951 715 2033; x_wconf 83' lang='lat' dir='ltr'><strong>pietatis</strong></span> <span class='ocrx_word' id='word_1_126' title='bbox 737 1952 877 2018; x_wconf 84' lang='lat' dir='ltr'><strong>idoneus</strong></span> <span class='ocrx_word' id='word_1_127' title='bbox 900 1959 1016 2021; x_wconf 80' lang='lat' dir='ltr'><strong>auctor</strong></span> <span class='ocrx_word' id='word_1_128' title='bbox 1040 1953 1202 2035; x_wconf 68' lang='lat' dir='ltr'><strong>Acabis</strong></span> 
     </span>
     <span class='ocr_line' id='line_1_18' title="bbox 118 2049 1203 2137; baseline 0.007 -24"><span class='ocrx_word' id='word_1_129' title='bbox 118 2056 232 2127; x_wconf 82' lang='lat' dir='ltr'><strong>terras,</strong></span> <span class='ocrx_word' id='word_1_130' title='bbox 250 2050 339 2134; x_wconf 87' lang='lat' dir='ltr'><strong>juste</strong></span> <span class='ocrx_word' id='word_1_131' title='bbox 361 2049 488 2128; x_wconf 82' lang='lat' dir='ltr'><strong>Latine,</strong></span> <span class='ocrx_word' id='word_1_132' title='bbox 504 2055 591 2114; x_wconf 81' lang='lat' dir='ltr'><strong>tuas.</strong></span> <span class='ocrx_word' id='word_1_133' title='bbox 634 2050 697 2116; x_wconf 88' lang='lat' dir='ltr'><strong>Ille</strong></span> <span class='ocrx_word' id='word_1_134' title='bbox 711 2055 815 2137; x_wconf 80' lang='lat' dir='ltr'><strong>patris</strong></span> <span class='ocrx_word' id='word_1_135' title='bbox 836 2052 946 2118; x_wconf 88' lang='lat' dir='ltr'><strong>Genio</strong></span> <span class='ocrx_word' id='word_1_136' title='bbox 964 2055 1116 2121; x_wconf 84' lang='lat' dir='ltr'><strong>solemia</strong></span> <span class='ocrx_word' id='word_1_137' title='bbox 1132 2056 1203 2129; x_wconf 67' lang='lat' dir='ltr'><strong>dms</strong></span> 
     </span>
     <span class='ocr_line' id='line_1_19' title="bbox 118 2151 1203 2242; baseline 0.007 -28"><span class='ocrx_word' id='word_1_138' title='bbox 118 2151 264 2216; x_wconf 83' lang='lat' dir='ltr'><strong>ferebat:</strong></span> <span class='ocrx_word' id='word_1_139' title='bbox 287 2151 380 2217; x_wconf 91' lang='lat' dir='ltr'><strong>Hinc</strong></span> <span class='ocrx_word' id='word_1_140' title='bbox 409 2152 528 2242; x_wconf 87' lang='lat' dir='ltr'><strong>populi</strong></span> <span class='ocrx_word' id='word_1_141' title='bbox 549 2151 633 2216; x_wconf 77' lang='lat' dir='ltr'><strong>ritus</strong></span> <span class='ocrx_word' id='word_1_142' title='bbox 656 2152 823 2219; x_wconf 88' lang='lat' dir='ltr'><strong>edidicere</strong></span> <span class='ocrx_word' id='word_1_143' title='bbox 848 2153 949 2238; x_wconf 69' lang='lat' dir='ltr'><strong>pios!</strong></span> <span class='ocrx_word' id='word_1_144' title='bbox 990 2154 1046 2237; x_wconf 73' lang='lat' dir='ltr'><strong>Eo</strong></span> <span class='ocrx_word' id='word_1_145' title='bbox 1067 2156 1203 2240; x_wconf 68' lang='lat' dir='ltr'><strong>speum</strong></span> 
     </span>
     <span class='ocr_line' id='line_1_20' title="bbox 117 2252 1202 2342; baseline 0.01 -28"><span class='ocrx_word' id='word_1_146' title='bbox 117 2252 180 2317; x_wconf 86' lang='lat' dir='ltr'><strong>hoc</strong></span> <span class='ocrx_word' id='word_1_147' title='bbox 200 2252 286 2316; x_wconf 90' lang='lat' dir='ltr'><strong>libro</strong></span> <span class='ocrx_word' id='word_1_148' title='bbox 308 2272 446 2317; x_wconf 77' lang='lat' dir='ltr'><strong>versuse</strong></span> <span class='ocrx_word' id='word_1_149' title='bbox 468 2253 521 2319; x_wconf 87' lang='grc'><strong>59.</strong></span> <span class='ocrx_word' id='word_1_150' title='bbox 536 2253 580 2318; x_wconf 85' lang='grc'><strong>60</strong></span> <span class='ocrx_word' id='word_1_151' title='bbox 601 2256 729 2337; x_wconf 84' lang='lat' dir='ltr'><strong>‘atque</strong></span> <span class='ocrx_word' id='word_1_152' title='bbox 750 2254 823 2320; x_wconf 75' lang='lat' dir='ltr'><strong>baec</strong></span> <span class='ocrx_word' id='word_1_153' title='bbox 844 2275 899 2321; x_wconf 88' lang='lat' dir='ltr'><strong>me</strong></span> <span class='ocrx_word' id='word_1_154' title='bbox 920 2275 1020 2322; x_wconf 85' lang='lat' dir='ltr'><strong>sacra</strong></span> <span class='ocrx_word' id='word_1_155' title='bbox 1038 2256 1202 2342; x_wconf 64' lang='lat' dir='ltr'><strong>quomo!</strong></span> 
     </span>
     <span class='ocr_line' id='line_1_21' title="bbox 118 2349 1202 2438; baseline 0.011 -26"><span class='ocrx_word' id='word_1_156' title='bbox 118 2349 208 2414; x_wconf 91' lang='lat' dir='ltr'><strong>Urbe</strong></span> <span class='ocrx_word' id='word_1_157' title='bbox 224 2353 302 2417; x_wconf 87' lang='lat' dir='ltr'><strong>velit</strong></span> <span class='ocrx_word' id='word_1_158' title='bbox 314 2355 427 2437; x_wconf 82' lang='lat' dir='ltr'><strong>posita</strong></span> <span class='ocrx_word' id='word_1_159' title='bbox 439 2354 571 2438; x_wconf 83' lang='lat' dir='ltr'><strong>templis</strong></span> <span class='ocrx_word' id='word_1_160' title='bbox 584 2353 649 2418; x_wconf 89' lang='lat' dir='ltr'><strong>sibi</strong></span> <span class='ocrx_word' id='word_1_161' title='bbox 667 2353 749 2419; x_wconf 87' lang='lat' dir='ltr'><strong>ferre</strong></span> <span class='ocrx_word' id='word_1_162' title='bbox 770 2353 913 2421; x_wconf 66' lang='lat' dir='ltr'><strong>dicatis!</strong></span> <span class='ocrx_word' id='word_1_163' title='bbox 956 2355 1088 2423; x_wconf 85' lang='lat' dir='ltr'><strong>Fanum</strong></span> <span class='ocrx_word' id='word_1_164' title='bbox 1100 2358 1202 2423; x_wconf 64' lang='grc' dir='ltr'><strong>ΕΜ</strong></span> 
     </span>
     <span class='ocr_line' id='line_1_22' title="bbox 115 2451 701 2538; baseline 0 -23"><span class='ocrx_word' id='word_1_165' title='bbox 115 2451 265 2534; x_wconf 69' lang='lat' dir='ltr'><strong>Segestae</strong></span> <span class='ocrx_word' id='word_1_166' title='bbox 278 2460 438 2520; x_wconf 85' lang='lat' dir='ltr'><strong>memorat</strong></span> <span class='ocrx_word' id='word_1_167' title='bbox 452 2454 591 2538; x_wconf 84' lang='lat' dir='ltr'><strong>Dionys.</strong></span> <span class='ocrx_word' id='word_1_168' title='bbox 608 2471 633 2532; x_wconf 89' lang='lat' dir='ltr'><strong>r,</strong></span> <span class='ocrx_word' id='word_1_169' title='bbox 648 2455 701 2520; x_wconf 84' lang='grc'><strong>53.</strong></span> 
     </span>
    </p>
   </div>
   <div class='ocr_carea' id='block_1_4' title="bbox 423 2997 910 3081">
    <p class='ocr_par' dir='ltr' id='par_1_7' title="bbox 423 2997 910 3081">
     <span class='ocr_line' id='line_1_23' title="bbox 423 2997 910 3081; baseline 0.012 -8"><span class='ocrx_word' id='word_1_170' title='bbox 423 2997 795 3079; x_wconf 85' lang='lat' dir='ltr'>EXCURSUS</span> <span class='ocrx_word' id='word_1_171' title='bbox 833 3005 910 3081; x_wconf 86' lang='lat'>111.</span> 
     </span>
    </p>
   </div>
   <div class='ocr_carea' id='block_1_5' title="bbox 130 3222 1191 3291">
    <p class='ocr_par' dir='ltr' id='par_1_8' title="bbox 130 3222 1191 3291">
     <span class='ocr_line' id='line_1_24' title="bbox 130 3222 1191 3291; baseline 0.012 -19"><span class='ocrx_word' id='word_1_172' title='bbox 130 3223 180 3272; x_wconf 80' lang='lat' dir='ltr'><strong>DE</strong></span> <span class='ocrx_word' id='word_1_173' title='bbox 196 3222 709 3288; x_wconf 54' lang='lat' dir='ltr'><strong>animumanimumum</strong></span> <span class='ocrx_word' id='word_1_174' title='bbox 718 3225 768 3276; x_wconf 75' lang='lat' dir='ltr'><strong>EX</strong></span> <span class='ocrx_word' id='word_1_175' title='bbox 779 3224 1034 3291; x_wconf 70' lang='grc' dir='ltr'><strong>ΑΝΤῘΟΌΠΑἸῈ</strong></span> <span class='ocrx_word' id='word_1_176' title='bbox 1049 3230 1191 3284; x_wconf 70' lang='lat' dir='ltr'><strong>seems.</strong></span> 
     </span>
    </p>
   </div>
   <div class='ocr_carea' id='block_1_6' title="bbox 109 3373 1211 4180">
    <p class='ocr_par' dir='ltr' id='par_1_9' title="bbox 109 3373 1211 4180">
     <span class='ocr_line' id='line_1_25' title="bbox 157 3373 1205 3459; baseline 0.018 -26"><span class='ocrx_word' id='word_1_177' title='bbox 157 3389 193 3449; x_wconf 85' lang='lat' dir='ltr'><strong>v,</strong></span> <span class='ocrx_word' id='word_1_178' title='bbox 207 3375 252 3439; x_wconf 76' lang='lat'><strong>73</strong></span> <span class='ocrx_word' id='word_1_179' title='bbox 274 3373 382 3440; x_wconf 87' lang='lat' dir='ltr'><strong>‘Hoc</strong></span> <span class='ocrx_word' id='word_1_180' title='bbox 408 3375 573 3459; x_wconf 81' lang='lat' dir='ltr'><strong>Helymus</strong></span> <span class='ocrx_word' id='word_1_181' title='bbox 593 3375 687 3454; x_wconf 79' lang='lat' dir='ltr'><strong>facit,</strong></span> <span class='ocrx_word' id='word_1_182' title='bbox 704 3376 770 3442; x_wconf 89' lang='lat' dir='ltr'><strong>boc</strong></span> <span class='ocrx_word' id='word_1_183' title='bbox 791 3379 857 3443; x_wconf 80' lang='lat' dir='ltr'><strong>aeri</strong></span> <span class='ocrx_word' id='word_1_184' title='bbox 879 3384 1029 3447; x_wconf 63' lang='lat' dir='ltr'><strong>maurus</strong></span> <span class='ocrx_word' id='word_1_185' title='bbox 1050 3380 1205 3450; x_wconf 53' lang='lat' dir='ltr'><strong>Aoum</strong></span> 
     </span>
     <span class='ocr_line' id='line_1_26' title="bbox 113 3471 1207 3565; baseline 0.014 -28"><span class='ocrx_word' id='word_1_186' title='bbox 113 3471 372 3558; x_wconf 66' lang='lat' dir='ltr'><strong>Magnaposrae</strong></span> <span class='ocrx_word' id='word_1_187' title='bbox 395 3478 1207 3565; x_wconf 65' lang='lat' dir='ltr'><strong>etiammhoclibrolausescquodhmnnoe</strong></span> 
     </span>
     <span class='ocr_line' id='line_1_27' title="bbox 112 3570 1208 3671; baseline 0.014 -35"><span class='ocrx_word' id='word_1_188' title='bbox 112 3570 190 3636; x_wconf 82' lang='lat' dir='ltr'><strong>fidei</strong></span> <span class='ocrx_word' id='word_1_189' title='bbox 204 3571 336 3640; x_wconf 84' lang='lat' dir='ltr'><strong>fabulas</strong></span> <span class='ocrx_word' id='word_1_190' title='bbox 351 3596 431 3641; x_wconf 87' lang='lat' dir='ltr'><strong>snas</strong></span> <span class='ocrx_word' id='word_1_191' title='bbox 446 3577 701 3660; x_wconf 72' lang='lat' dir='ltr'><strong>mpersrruendo</strong></span> <span class='ocrx_word' id='word_1_192' title='bbox 714 3580 878 3646; x_wconf 82' lang='lat' dir='ltr'><strong>eruditam</strong></span> <span class='ocrx_word' id='word_1_193' title='bbox 895 3583 1041 3667; x_wconf 82' lang='lat' dir='ltr'><strong>aliquam</strong></span> <span class='ocrx_word' id='word_1_194' title='bbox 1057 3586 1208 3671; x_wconf 55' lang='lat' dir='ltr'><strong>rebrare-</strong></span> 
     </span>
     <span class='ocr_line' id='line_1_28' title="bbox 112 3673 1211 3768; baseline 0.02 -32"><span class='ocrx_word' id='word_1_195' title='bbox 112 3677 179 3737; x_wconf 83' lang='lat' dir='ltr'><strong>tem</strong></span> <span class='ocrx_word' id='word_1_196' title='bbox 208 3673 386 3741; x_wconf 83' lang='lat' dir='ltr'><strong>lectoribus</strong></span> <span class='ocrx_word' id='word_1_197' title='bbox 414 3679 562 3762; x_wconf 73' lang='lat' dir='ltr'><strong>apponit</strong></span> <span class='ocrx_word' id='word_1_198' title='bbox 608 3675 739 3764; x_wconf 70' lang='lat' dir='ltr'><strong>Helymi</strong></span> <span class='ocrx_word' id='word_1_199' title='bbox 762 3683 850 3747; x_wconf 86' lang='lat' dir='ltr'><strong>enim</strong></span> <span class='ocrx_word' id='word_1_200' title='bbox 876 3683 931 3748; x_wconf 81' lang='lat' dir='ltr'><strong>rel</strong></span> <span class='ocrx_word' id='word_1_201' title='bbox 955 3680 1066 3768; x_wconf 68' lang='lat' dir='ltr'><strong>Elymi</strong></span> <span class='ocrx_word' id='word_1_202' title='bbox 1088 3687 1211 3757; x_wconf 66' lang='lat' dir='ltr'><strong>dun</strong></span> 
     </span>
     <span class='ocr_line' id='line_1_29' title="bbox 110 3775 1210 3870; baseline 0.016 -32"><span class='ocrx_word' id='word_1_203' title='bbox 110 3792 229 3839; x_wconf 84' lang='lat' dir='ltr'><strong>nomen</strong></span> <span class='ocrx_word' id='word_1_204' title='bbox 243 3775 278 3838; x_wconf 88' lang='lat' dir='ltr'><strong>in</strong></span> <span class='ocrx_word' id='word_1_205' title='bbox 291 3776 418 3843; x_wconf 83' lang='lat' dir='ltr'><strong>Sicilire</strong></span> <span class='ocrx_word' id='word_1_206' title='bbox 436 3780 619 3861; x_wconf 79' lang='lat' dir='ltr'><strong>originibus</strong></span> <span class='ocrx_word' id='word_1_207' title='bbox 640 3779 804 3866; x_wconf 75' lang='lat' dir='ltr'><strong>Troianis.</strong></span> <span class='ocrx_word' id='word_1_208' title='bbox 848 3783 954 3868; x_wconf 75' lang='lat' dir='ltr'><strong>Trojs</strong></span> <span class='ocrx_word' id='word_1_209' title='bbox 973 3785 1031 3854; x_wconf 89' lang='lat' dir='ltr'><strong>ille</strong></span> <span class='ocrx_word' id='word_1_210' title='bbox 1047 3786 1124 3870; x_wconf 81' lang='lat' dir='ltr'><strong>jam</strong></span> <span class='ocrx_word' id='word_1_211' title='bbox 1136 3796 1210 3857; x_wconf 76' lang='lat' dir='ltr'><strong>rote</strong></span> 
     </span>
     <span class='ocr_line' id='line_1_30' title="bbox 109 3877 1211 3976; baseline 0.016 -32"><span class='ocrx_word' id='word_1_212' title='bbox 109 3877 279 3944; x_wconf 83' lang='lat' dir='ltr'><strong>excidium</strong></span> <span class='ocrx_word' id='word_1_213' title='bbox 299 3883 391 3945; x_wconf 88' lang='lat' dir='ltr'><strong>urbis</strong></span> <span class='ocrx_word' id='word_1_214' title='bbox 412 3885 537 3949; x_wconf 80' lang='lat' dir='ltr'><strong>exierat</strong></span> <span class='ocrx_word' id='word_1_215' title='bbox 556 3906 634 3954; x_wconf 86' lang='lat' dir='ltr'><strong>cum</strong></span> <span class='ocrx_word' id='word_1_216' title='bbox 647 3890 798 3969; x_wconf 64' lang='lat' dir='ltr'><strong>AEgesio.</strong></span> <span class='ocrx_word' id='word_1_217' title='bbox 842 3888 886 3954; x_wconf 85' lang='lat' dir='ltr'><strong>V.</strong></span> <span class='ocrx_word' id='word_1_218' title='bbox 902 3891 1044 3976; x_wconf 80' lang='lat' dir='ltr'><strong>Dionys.</strong></span> <span class='ocrx_word' id='word_1_219' title='bbox 1066 3909 1095 3973; x_wconf 86' lang='grc' dir='ltr'><strong><em>ι,</em></strong></span> <span class='ocrx_word' id='word_1_220' title='bbox 1111 3895 1161 3961; x_wconf 58' lang='grc' dir='ltr'>ἃ</span> <span class='ocrx_word' id='word_1_221' title='bbox 1178 3899 1211 3961; x_wconf 73' lang='lat' dir='ltr'><strong>ei</strong></span> 
     </span>
     <span class='ocr_line' id='line_1_31' title="bbox 110 3980 1210 4079; baseline 0.016 -36"><span class='ocrx_word' id='word_1_222' title='bbox 110 3998 184 4065; x_wconf 82' lang='lat' dir='ltr'><strong>sup.</strong></span> <span class='ocrx_word' id='word_1_223' title='bbox 202 3980 286 4046; x_wconf 83' lang='lat' dir='ltr'><strong>Exc.</strong></span> <span class='ocrx_word' id='word_1_224' title='bbox 304 3998 316 4044; x_wconf 91' lang='grc' dir='ltr'><strong><em>ι</em></strong></span> <span class='ocrx_word' id='word_1_225' title='bbox 340 3982 384 4046; x_wconf 90' lang='lat' dir='ltr'><strong>ad</strong></span> <span class='ocrx_word' id='word_1_226' title='bbox 404 3983 437 4047; x_wconf 89' lang='lat' dir='ltr'><strong>b.</strong></span> <span class='ocrx_word' id='word_1_227' title='bbox 459 3983 531 4062; x_wconf 85' lang='lat' dir='ltr'><strong>lib,</strong></span> <span class='ocrx_word' id='word_1_228' title='bbox 553 3991 615 4055; x_wconf 76' lang='lat' dir='ltr'><strong>ersi</strong></span> <span class='ocrx_word' id='word_1_229' title='bbox 637 3989 694 4055; x_wconf 80' lang='lat' dir='ltr'><strong>alii</strong></span> <span class='ocrx_word' id='word_1_230' title='bbox 714 3989 805 4071; x_wconf 86' lang='lat' dir='ltr'><strong>apud</strong></span> <span class='ocrx_word' id='word_1_231' title='bbox 822 3988 977 4059; x_wconf 69' lang='lat' dir='ltr'><strong>susan</strong></span> <span class='ocrx_word' id='word_1_232' title='bbox 990 4008 1083 4072; x_wconf 72' lang='grc' dir='ltr'><strong><em>Χιιι,</em></strong></span> <span class='ocrx_word' id='word_1_233' title='bbox 1096 4014 1132 4079; x_wconf 84' lang='lat' dir='ltr'><strong>p.</strong></span> <span class='ocrx_word' id='word_1_234' title='bbox 1145 3993 1210 4061; x_wconf 58' lang='lat' dir='ltr'><strong>m</strong></span> 
     </span>
     <span class='ocr_line' id='line_1_32' title="bbox 113 4083 1207 4180; baseline 0.018 -37"><span class='ocrx_word' id='word_1_235' title='bbox 113 4096 144 4145; x_wconf 87' lang='grc' dir='ltr'><strong>ιι.</strong></span> <span class='ocrx_word' id='word_1_236' title='bbox 159 4101 234 4148; x_wconf 86' lang='lat' dir='ltr'><strong>cum</strong></span> <span class='ocrx_word' id='word_1_237' title='bbox 247 4083 364 4151; x_wconf 74' lang='lat' dir='ltr'><strong>AErrea)</strong></span> <span class='ocrx_word' id='word_1_238' title='bbox 379 4085 556 4152; x_wconf 77' lang='lat' dir='ltr'><strong>conutibns</strong></span> <span class='ocrx_word' id='word_1_239' title='bbox 569 4091 803 4175; x_wconf 75' lang='lat' dir='ltr'><strong>ascripsmont.</strong></span> <span class='ocrx_word' id='word_1_240' title='bbox 847 4090 974 4158; x_wconf 82' lang='lat' dir='ltr'><strong>Verum</strong></span> <span class='ocrx_word' id='word_1_241' title='bbox 987 4094 1089 4161; x_wconf 76' lang='lat' dir='ltr'><strong>etiam</strong></span> <span class='ocrx_word' id='word_1_242' title='bbox 1101 4095 1207 4180; x_wconf 73' lang='lat' dir='ltr'><strong>Lyco·</strong></span> 
     </span>
    </p>
   </div>
   <div class='ocr_carea' id='block_1_7' title="bbox 0 0 1336 4686">
    <p class='ocr_par' dir='ltr' id='par_1_10' title="bbox 0 0 1336 4686">
     <span class='ocr_line' id='line_1_33' title="bbox 0 0 1336 4686; baseline 0 2"><span class='ocrx_word' id='word_1_243' title='bbox 0 0 1336 4686; x_wconf 95' lang='lat' dir='ltr'><strong> </strong></span> 
     </span>
    </p>
   </div>
  </div>
 </body>
</html>
