2664 4686
111 291 199 359 4056
533 304 781 359 uxcuususr.

57 514 61 523 .
110 458 214 520 team
228 454 312 519 hauc
328 451 370 518 de
388 454 485 538 cyclo
497 455 594 538 epico
617 455 875 540 praeceptionem
892 457 1084 524 substitisse
1106 460 1141 523 in
1162 461 1204 527 di·

110 577 209 622 versa
223 557 420 621 abeuntium.
466 554 585 640 Neque
606 576 751 641 unquam
764 557 830 622 tale
844 576 965 642 corpus
978 560 1122 643 plurium
1134 562 1205 644 poi·
1251 554 1253 559 ⁴

111 665 217 724 tarum
226 658 325 722 aliter
340 658 535 737 coniectum,
551 678 653 740 quam
667 664 705 722 ut
716 659 951 740 grammaticm
965 661 1092 743 uliquis
1104 681 1205 728 eorum

110 768 282 825 recensum
298 748 360 822 seu
374 759 516 823 indicem
538 760 670 839 faceret,
694 767 728 825 et
749 762 907 843 singinari
928 762 1013 826 sorte
1032 762 1207 829 lihellouut

111 863 147 927 in
180 882 280 945 opere
314 862 526 943 grammatico
557 861 687 941 ederet3
718 881 780 927 uec
804 862 904 927 facile
925 883 1051 941 omnes,
1078 884 1207 948 quorun

112 982 250 1047 mugnus
270 963 334 1029 init
350 982 515 1041 uumerus,
529 965 586 1046 qui
601 962 824 1047 Genealogias
839 963 999 1044 Deorum,
1022 965 1206 1031 'liturroms-

112 1063 216 1142 chius,
235 1062 539 1146 Gigantumechias,
556 1062 791 1146 Argonautica,
811 1065 994 1145 'l'hehuica
1019 1067 1206 1144 Heracleus,

111 1166 205 1231 etsie
220 1185 330 1252 porro,
340 1171 408 1231 turm
422 1168 456 1229 in
469 1168 568 1230 rebus
583 1166 710 1244 Iliacis,
720 1169 779 1253 qui
792 1167 921 1243 Νόστους
934 1169 1149 1253 scripserim,
1157 1168 1208 1234 tui

111 1267 223 1333 indice
243 1269 418 1332 enumerati
441 1267 580 1333 fuerunt.
625 1266 797 1332 Arctiuurn
821 1269 1002 1347 Milesium,
1033 1268 1207 1347 Emuelum,

112 1372 262 1438 Leschen
285 1378 318 1437 et
343 1369 625 1456 Cypriacarmine
638 1391 678 1435 eo
701 1371 1056 1455 comprehensafnisse
1069 1371 1207 1455 plerique

38 1494 41 1499 ·
107 1476 267 1555 ¹-tradunt3
288 1472 536 1549 Antimachum,
552 1471 791 1550 Stesichorum,
807 1473 890 1536 ulios
909 1473 1056 1536 inserrmt
1069 1473 1140 1549 ulii,
1153 1469 1208 1535 fide

111 1597 179 1644 nou
193 1579 276 1642 satis
290 1577 478 1659 explorata.
511 1573 674 1639 Videntur
686 1594 784 1657 porro
799 1575 896 1657 plura
909 1575 943 1638 in
958 1575 1022 1638 hac
1036 1574 1210 1657 quaestione

114 1680 289 1745 confrmdi:
319 1680 406 1742 alius
426 1683 478 1741 est
503 1673 617 1758 Cyclas
632 1673 795 1762 orytlicus,
820 1675 852 1740 h.
869 1696 899 1741 e.
923 1673 1114 1739 fabularum
1133 1693 1210 1738 coru·
1251 1684 1253 1733 l

113 1782 233 1865 plexus
248 1780 323 1843 iude
339 1799 360 1842 a
375 1780 572 1861 genealogiis
586 1778 733 1843 Deorum
752 1779 796 1842 ad
805 1777 917 1862 Trojae
932 1796 1038 1861 usque
1051 1775 1212 1840 excidium

112 1881 293 1962 deductus3
318 1881 404 1944 a'lius
426 1876 538 1965 Cyclas
557 1876 721 1966 Trrp'cnua,
744 1880 778 1945 h.
793 1899 825 1946 e.
839 1879 1026 1945 fabularum
1040 1877 1085 1941 ad
1099 1877 1212 1941 hellnu

65 2018 71 2025 ·
113 1983 294 2068 'Ihojanum
317 1983 548 2065 spectantium.
600 1981 681 2047 Jam
705 1981 746 2045 ab
772 1980 821 2046 lis
834 1980 928 2067 cyclis
950 1981 1060 2045 dictos
1084 1978 1213 2042 arbitror

110 2086 217 2171 po'e'las
240 2082 368 2170 cyclicus
389 2089 422 2147 et
445 2082 584 2145 carmina
608 2082 738 2169 cyclica,
762 2103 901 2167 quorum
920 2086 1117 2164 :gumenta
1138 2079 1213 2144 intra

115 2189 305 2255 alterutrum
327 2185 512 2269 mythonnu
533 2186 746 2269 complexum
769 2192 803 2251 et
826 2186 940 2250 orbem
958 2184 1212 2250 continerentur:

112 2312 179 2355 non
193 2310 272 2355 vero
286 2295 325 2354 ut
347 2289 413 2371 ipsi
435 2287 566 2369 cyclum
585 2286 732 2369 aliquem
755 2288 1000 2351 consumerent.
1045 2286 1102 2351 Ex
1116 2289 1214 2372 priore

113 2411 229 2474 genere
265 2390 357 2454 fuere
395 2386 611 2469 lheogoniae,
659 2385 905 2467 Cosmogonioe,
941 2384 1213 2464 litanomachioe,

115 2491 224 2575 qualis
252 2489 313 2553 suit
337 2507 395 2551 seu
430 2485 560 2550 Eumeli
598 2484 761 2551 Corinthii
797 2487 860 2549 suh
884 2484 1125 2568 Olympiadum
1160 2487 1215 2553 ini·

114 2593 172 2669 tia,
195 2610 254 2653 seu
277 2586 419 2663 Arctini,
441 2583 601 2649 Corinthii
638 2590 716 2664 (nou
745 2585 895 2664 Milesii),
918 2582 1214 2668 Giguntomuchie,

117 2689 249 2775 Φορωνὶς,
263 2685 381 2762 Δαναῒς,
404 2684 511 2763 Eoeae,
538 2685 763 2774 Naupactica,
786 2684 961 2772 Ἡρακλεία,
983 2684 1216 2770 Argonautica,

120 2789 229 2868 Θηβαΐς
254 2789 389 2867 (somni
415 2786 520 2866 dicta)
544 2792 583 2851 τὰ
599 2787 647 2864 ἔπη
661 2794 702 2853 τὰ
716 2793 754 2862 εἰς
772 2789 820 2853 τὸν
840 2788 961 2871 πόλεμον
975 2794 1031 2852 reis
1053 2787 1218 2874 Ἐπιγόνων,

116 2891 319 2978 Ἀλκμαιωνὶς,
346 2891 464 2966 Μινυὰς,
492 2889 637 2976 Αἰγίμιος,
664 2886 812 2976 Οἰχάλέας
835 2889 956 2969 ἅλωσις,
983 2890 1097 2968 Kaidros
1119 2890 1219 2977 γάμος,

115 2997 301 3077 Ἀμαζονικᾶ,
327 2991 449 3073 Θησηῒς
470 3012 514 3057 ex
527 2994 631 3058 altero
646 3002 756 3059 autem
770 2995 941 3073 ArctinuS,
965 2994 1126 3075 lesches),
1151 2995 1219 3060 Sih-

116 3099 209 3162 sinus
224 3096 381 3182 Cyprius.
426 3094 593 3160 Confusus
607 3117 682 3161 cum
696 3098 748 3161 his
762 3098 867 3182 cyclis
878 3094 981 3183 cyclus
994 3096 1111 3181 spicue,
1126 3112 1219 3180 quen

117 3200 322 3282 grammatici
340 3197 572 3275 Alexandrini,
597 3196 813 3263 Aristarchus
834 3206 868 3265 et
889 3198 1135 3282 Aristophanes
1158 3199 1221 3284 By·

117 3303 277 3379 nantinus,
303 3301 549 3377 constituerunt,
576 3299 699 3364 dilectu
718 3302 802 3365 iuter
822 3301 944 3385 politas
964 3302 1083 3384 epicos
1096 3306 1244 3365 vetera·

116 3403 220 3479 lacto,
250 3408 285 3466 et
308 3401 513 3485 principibus
541 3408 701 3486 tauquam
730 3405 765 3466 in
790 3424 952 3468 canonem
974 3411 1008 3466 et
1031 3403 1068 3465 in
1091 3405 1224 3467 causum

115 3500 249 3581 relatis3
271 3503 362 3576 fuere
381 3504 430 3567 illi
445 3502 625 3580 Homerrrs,
641 3505 824 3583 Hesiodus,
846 3503 1021 3580 Pisander,
1045 3503 1224 3593 Panyasis,

116 3601 335 3667 Antimachus
357 3601 408 3687 (v.
422 3603 560 3681 Quintil.
576 3622 616 3682 n,
631 3607 664 3683 1,
675 3608 720 3670 51
735 3627 810 3691 sqq.
827 3606 967 3671 Proclus
984 3605 1227 3671 Chrestomath.

116 3712 150 3770 ct
172 3702 248 3767 hinc
270 3703 395 3767 Tzeea
418 3704 509 3768 Prol.
535 3707 571 3770 in
598 3705 740 3770 Hesiod.
766 3708 850 3771 etin
864 3706 1059 3791 Lycophr.).
1103 3705 1229 3771 Trans-

115 3807 279 3869 latumest
291 3802 354 3865 hoc
367 3822 486 3867 nomeu
499 3805 588 3888 cycli
598 3807 687 3891 epici
699 3809 800 3871 etium
810 3808 855 3871 ad
867 3808 928 3872 ills
941 3807 1009 3872 duo
1022 3807 1230 3892 cyclicorurn

119 3922 248 3987 genera,
279 3908 442 3986 quatenus
464 3924 518 3967 res
543 3906 699 3992 'Irojnnae
725 3914 760 3972 et
782 3909 886 3993 mythi
907 3909 1111 3974 hexametris
1134 3913 1232 3974 erunt

118 4005 272 4085 expositi.
316 4003 476 4070 Trectum
490 4007 669 4089 aliquando
683 4030 803 4075 nomen
818 4010 863 4076 ad
881 4011 948 4076 duo
967 4011 1155 4076 carminum
1174 4028 1233 4095 ge·

118 4118 208 4181 nm,
230 4107 351 4190 utribus
373 4112 528 4193 tauquam
551 4117 631 4177 nota
654 4113 769 4199 eliqua
789 4131 833 4178 eo
857 4114 935 4201 ipso
954 4114 1159 4179 mrumemr:
1180 4110 1234 4178 ul-
