2664 4686
393 311 640 373 unssuroos
664 311 737 369 urs.
760 309 829 360 vn.
911 328 917 337 ·
950 267 955 277 ¹
1069 296 1159 365 4819

92 456 217 533 drittun,
239 474 327 533 nuuc
353 450 445 519 Ruso
470 455 506 521 in
530 452 685 530 Tmarii
709 452 810 532 aaa
831 457 924 526 circa
945 458 1065 524 eadem
1085 461 1161 527 locs

92 554 215 628 uuum
229 562 263 621 et
279 551 415 625 celenna
437 559 504 624 sita
519 556 624 625 luisse
644 557 807 627 videntur.
850 556 1027 643 stantia
1047 566 1161 628 nonu
1264 630 1272 641 ,

92 657 256 743 μιρωιίφ
266 655 440 743 oppidum,
461 659 544 724 inter
566 656 835 735 Chalcidensium
848 660 997 727 colonias
1010 680 1159 729 numera·

92 781 128 837 ur
140 781 164 835 a
175 759 308 829 Juruuo
324 778 395 841 xx,
409 763 442 841 1,
456 763 511 829 13.
568 757 831 846 Quod-maliferu
847 763 1044 846 appellatur,
1057 765 1159 829 etiarn

92 862 144 927 reis
156 858 318 929 Avelim
330 864 466 929 nomine
480 863 638 929 firmatur.
711 924 713 929 .

96 964 166 1033 m
179 984 256 1049 sqq.
287 962 397 1051 AEqui,
423 964 564 1050 AEquuni
588 966 642 1031 vel
670 964 843 1051 AEqniculi,
867 968 921 1032 vel
945 963 1160 1053 Εφίωἰαπί,

92 1066 213 1151 agnum
227 1068 271 1131 ad
284 1074 458 1151 utramque
472 1066 611 1133 Anienis
630 1069 739 1152 ripam
761 1074 903 1134 tractum
917 1069 1002 1134 inter
1018 1068 1161 1149 Marsos,

92 1166 227 1251 ulissnos,
242 1172 276 1232 et
289 1167 444 1233 Sabellos
469 1175 598 1234 montes
621 1169 854 1247 inhabitarunt,
875 1169 1018 1252 agrestis
1039 1176 1072 1235 et
1091 1169 1162 1235 sera

92 1286 150 1349 ns,
164 1287 187 1332 a
201 1266 363 1333 Romanis
377 1270 469 1335 victa
490 1276 525 1334 et
547 1271 715 1350 extincta3
748 1269 836 1335 unde
855 1269 974 1354 polita:
1004 1269 1162 1336 ‘horrida

92 1386 139 1437 ns
165 1375 365 1455 asmetuque
390 1370 493 1435 multo
519 1368 652 1435 Venatu
675 1390 844 1437 nemorum
868 1372 960 1437 duris
982 1371 1162 1455 AEnuioula

92 1468 185 1559 obis!
231 1467 346 1535 Nenos
368 1491 390 1536 a
403 1473 532 1536 nemine
547 1471 613 1543 elio
627 1479 823 1538 memoratas
836 1471 919 1537 vidi.
968 1467 1090 1557 Ufentis
1101 1490 1163 1536 uo·

92 1588 133 1637 en
151 1573 196 1641 ab
217 1591 322 1650 amne,
347 1575 405 1655 qui
427 1592 487 1656 per
507 1570 707 1639 Volscomm
730 1572 814 1637 fines
830 1573 934 1655 juxta
946 1571 1162 1636 Tarracinam

92 1688 149 1741 ue
170 1669 309 1737 interum
328 1675 437 1750 intrat,
462 1673 599 1738 ductum
622 1671 758 1737 videtur.
805 1672 960 1737 Fluvium
974 1672 1091 1738 eodem
1103 1690 1163 1738 no-

92 1770 146 1841 ine
158 1773 195 1837 iu
206 1770 397 1857 AEquioulis
410 1773 525 1850 tirisse,
540 1771 643 1840 tradit
658 1771 824 1858 Pompou.
1078 1828 1082 1835 .

97 1874 178 1939 ⁷⁶0.
201 1869 373 1937 Marruvia
396 1872 434 1936 de
454 1883 554 1957 gente.
596 1872 803 1942 variarunt
826 1879 974 1941 veterum
996 1881 1031 1941 et
1051 1893 1164 1943 recen·

92 1992 179 2039 uum
193 1983 389 2040 commenta.
434 1974 570 2040 Basilo
591 1975 627 2038 in
641 1973 788 2038 ordinem
803 1974 993 2056 redigenda.
1035 1972 1163 2043 Viden·

92 2068 235 2145 rulant
246 2077 291 2140 ab
305 2077 402 2141 initio
416 2076 519 2141 fuisse
535 2072 656 2152 Murri,
674 2075 761 2140 unde
785 2077 864 2140 urbs
889 2096 1003 2141 eorum
1030 2072 1165 2139 Murru-

92 2194 156 2237 srr.
209 2175 326 2241 Tradit
351 2196 484 2261 quoque
507 2177 614 2259 gentis
627 2181 662 2240 et
675 2177 819 2240 nominis
833 2182 1001 2241 auctorem
1016 2175 1164 2241 Manum

92 2277 160 2345 lius
177 2293 260 2355 vui,
275 2279 341 2344 507
354 2297 406 2361 sq.
461 2276 528 2341 Sed
553 2296 614 2360 pro
638 2295 740 2351 more,
760 2294 858 2357 quem
872 2276 970 2340 toties
983 2275 1164 2357 attigimus,

92 2380 159 2449 ism
188 2377 314 2443 Marsis
341 2397 361 2442 e
387 2376 509 2443 Graeca
533 2377 649 2441 sabula
672 2377 830 2459 originem
856 2377 1166 2460 circumspexerunt

92 2481 204 2557 omani
231 2481 421 2563 scriptores,
450 2479 573 2561 partim
600 2497 622 2541 a
650 2475 802 2559 Marsya,
827 2476 968 2559 Phryge,
998 2478 1118 2559 partim
1140 2498 1162 2543 a

92 2580 189 2665 urso,
204 2578 319 2646 Circes
334 2585 368 2644 et
378 2579 513 2664 Ulyssr's
528 2579 616 2644 filio:
643 2579 680 2642 iu
694 2576 784 2662 quod
800 2584 1018 2643 commentum
1032 2583 1068 2642 ut
1081 2578 1164 2643 iuci-

92 2687 185 2760 ueut,
206 2683 316 2753 locum
340 2680 420 2744 iecit
441 2681 564 2764 partim
574 2680 665 2744 sama
679 2684 775 2744 veturs
797 2679 839 2744 do
859 2677 1047 2745 Marsorum
1068 2699 1165 2745 vene·

92 2784 157 2867 tiis,
170 2784 292 2869 partim
306 2783 564 2866 promontorium
578 2780 754 2858 Circaeum,
774 2780 864 2865 quod
887 2779 984 2846 Circe
998 2779 1166 2854 insedisse

92 2890 192 2959 urata
205 2885 277 2950 suit.
321 2884 406 2968 Ejus
421 2902 515 2948 soror
536 2880 707 2967 Anguitia,
722 2882 818 2964 cujus
831 2901 947 2947 nemus
969 2883 1073 2964 paulo
1086 2888 1166 2966 post

104 2986 173 3055 769
187 2986 342 3050 occurrit.
397 2984 457 3049 Uti
474 2989 590 3047 autem
612 2983 707 3046 Circe
728 2982 898 3045 veneficiis
912 2982 1078 3047 celebrata
1090 2982 1167 3059 fuir,

92 3111 108 3159 s
121 3090 232 3161 Marsi
245 3089 373 3154 nobiles
387 3091 574 3170 serpentum
588 3083 887 3150 incantationibus:
909 3081 978 3145 vid.
993 3081 1082 3146 Pliu.
1094 3100 1163 3159 vn,

92 3244 94 3251 ,
114 3208 216 3271 xxv,
231 3192 251 3256 l
264 3211 292 3254 s.
305 3192 339 3256 5.
384 3190 485 3253 Silius
501 3204 584 3263 v111,
606 3187 672 3251 497
694 3204 788 3268 seqq.
832 3183 920 3249 conf.
936 3181 1082 3261 clover,
1106 3184 1166 3247 ubi

92 3314 102 3359 r
118 3290 243 3358 Marsis
258 3311 335 3374 pag.
349 3291 426 3356 759.
482 3286 691 3352 Incredibilis
705 3292 758 3351 est
769 3285 1009 3369 superstitiosae
1026 3284 1167 3349 creduli·

92 3394 138 3474 fis
157 3400 308 3459 veterum
327 3392 418 3457 circa
438 3408 567 3454 venena
585 3406 763 3470 eorumque
775 3384 997 3452 medicamina
1010 3385 1165 3451 varians.

92 3494 187 3573 idest
209 3495 334 3577 aliquis
359 3494 412 3558 vel
437 3491 586 3556 Iudicem
608 3489 711 3555 Plinii
739 3489 775 3553 iu
804 3483 996 3551 Veneriorum
1024 3482 1164 3551 Medulis

92 3592 218 3680 stippa·
233 3596 322 3685 regis
336 3615 454 3660 nomen
468 3593 570 3679 polita
584 3613 629 3657 ex
642 3592 790 3657 historiis
805 3591 945 3673 accepit.
1002 3587 1089 3653 Plin.
1104 3604 1164 3666 111,

92 3700 104 3775 l
125 3696 328 3765 <Gellianus
351 3703 466 3762 auctor
489 3700 551 3774 est,
573 3695 650 3760 lacu
667 3693 796 3757 Fucino
809 3691 964 3756 haustum
978 3689 1167 3756 Marsorum

92 3799 222 3888 ‚spadum
244 3797 428 3883 Archippe,
451 3796 620 3863 conditum
645 3814 668 3859 a
693 3792 841 3876 Marsya,
864 3789 950 3857 duce
972 3789 1166 3875 Lydorum!

92 3903 193 3981 milia
205 3902 312 3967 Soliu.
328 3922 358 3966 c.
372 3902 395 3965 2
408 3921 457 3984 pr.

101 4003 178 4071 761.
202 4002 293 4067 Inter
306 4003 406 4066 urbes
428 4001 548 4079 Italiae,
570 3999 693 4084 quibus
707 3995 831 4063 Graes
843 3996 935 4079 origo
950 3995 1075 4062 tributa
1093 3990 1179 4070 snit,

92 4102 174 4177 'ricta
189 4124 324 4190 quoque
337 4110 399 4181 est,
415 4103 506 4169 latii
520 4100 608 4169 haud
623 4097 768 4184 ignobile
782 4096 954 4181 oppidum.
998 4095 1041 4161 lu
1053 4092 1170 4178 proxi-
