<?xml version="1.0" encoding="UTF-8"?>
<!DOCTYPE html PUBLIC "-//W3C//DTD XHTML 1.0 Transitional//EN"
    "http://www.w3.org/TR/xhtml1/DTD/xhtml1-transitional.dtd">
<html xmlns="http://www.w3.org/1999/xhtml" xml:lang="en" lang="en">
 <head>
  <title>
</title>
<meta http-equiv="Content-Type" content="text/html;charset=utf-8" />
  <meta name='ocr-system' content='tesseract 3.04.00' />
  <meta name='ocr-capabilities' content='ocr_page ocr_carea ocr_par ocr_line ocrx_word'/>
</head>
<body>
  <div class='ocr_page' id='page_1' title='image "./pvirgiliimaroni00virggoog/pvirgiliimaroni00virggoog_0431.png"; bbox 0 0 2664 4686; ppageno 0'>
   <div class='ocr_carea' id='block_1_1' title="bbox 106 273 799 370">
    <p class='ocr_par' dir='ltr' id='par_1_1' title="bbox 106 273 799 370">
     <span class='ocr_line' id='line_1_1' title="bbox 106 273 799 370; baseline -0.009 -2"><span class='ocrx_word' id='word_1_1' title='bbox 106 304 195 370; x_wconf 75' lang='lat'><strong>4378</strong></span> <span class='ocrx_word' id='word_1_2' title='bbox 521 273 720 363; x_wconf 76' lang='lat' dir='ltr'><strong>exeussus</strong></span> <span class='ocrx_word' id='word_1_3' title='bbox 740 313 799 362; x_wconf 91' lang='grc' dir='ltr'><strong>ιιι.</strong></span> 
     </span>
    </p>
   </div>
   <div class='ocr_carea' id='block_1_2' title="bbox 47 456 1254 4185">
    <p class='ocr_par' dir='ltr' id='par_1_2' title="bbox 107 456 1208 949">
     <span class='ocr_line' id='line_1_2' title="bbox 107 456 1207 547; baseline -0.004 -18"><span class='ocrx_word' id='word_1_4' title='bbox 107 465 281 547; x_wconf 83' lang='lat' dir='ltr'><strong>indigenas</strong></span> <span class='ocrx_word' id='word_1_5' title='bbox 305 480 424 526; x_wconf 88' lang='lat' dir='ltr'><strong>nomen</strong></span> <span class='ocrx_word' id='word_1_6' title='bbox 448 464 576 523; x_wconf 85' lang='lat' dir='ltr'><strong>mutare</strong></span> <span class='ocrx_word' id='word_1_7' title='bbox 598 457 748 535; x_wconf 83' lang='lat' dir='ltr'><strong>Latinos,</strong></span> <span class='ocrx_word' id='word_1_8' title='bbox 773 456 984 523; x_wconf 65' lang='lat' dir='ltr'><strong>Neu&#39;lbou</strong></span> <span class='ocrx_word' id='word_1_9' title='bbox 1012 456 1091 524; x_wconf 74' lang='lat' dir='ltr'><strong>ficri</strong></span> <span class='ocrx_word' id='word_1_10' title='bbox 1106 457 1207 544; x_wconf 64' lang='lat' dir='ltr'><strong>&#39;pubes</strong></span> 
     </span>
     <span class='ocr_line' id='line_1_3' title="bbox 110 559 1208 646; baseline -0.008 -13"><span class='ocrx_word' id='word_1_11' title='bbox 110 568 323 646; x_wconf 80' lang='lat' dir='ltr'><strong>Teucrosque</strong></span> <span class='ocrx_word' id='word_1_12' title='bbox 345 563 478 640; x_wconf 81' lang='lat' dir='ltr'><strong>vocari3</strong></span> <span class='ocrx_word' id='word_1_13' title='bbox 512 559 583 625; x_wconf 82' lang='lat' dir='ltr'><strong>Aut</strong></span> <span class='ocrx_word' id='word_1_14' title='bbox 603 579 719 623; x_wconf 87' lang='lat' dir='ltr'><strong>vocem</strong></span> <span class='ocrx_word' id='word_1_15' title='bbox 745 564 873 624; x_wconf 87' lang='lat' dir='ltr'><strong>mutare</strong></span> <span class='ocrx_word' id='word_1_16' title='bbox 889 561 999 637; x_wconf 84' lang='lat' dir='ltr'><strong>viros,</strong></span> <span class='ocrx_word' id='word_1_17' title='bbox 1015 565 1079 624; x_wconf 84' lang='lat' dir='ltr'><strong>arnt</strong></span> <span class='ocrx_word' id='word_1_18' title='bbox 1103 566 1208 624; x_wconf 61' lang='lat' dir='ltr'><strong>veh</strong></span> 
     </span>
     <span class='ocr_line' id='line_1_4' title="bbox 109 659 1207 745; baseline -0.008 -11"><span class='ocrx_word' id='word_1_19' title='bbox 109 673 230 734; x_wconf 81' lang='lat' dir='ltr'><strong>vestes.</strong></span> <span class='ocrx_word' id='word_1_20' title='bbox 276 665 327 728; x_wconf 85' lang='lat' dir='ltr'><strong>Sit</strong></span> <span class='ocrx_word' id='word_1_21' title='bbox 341 665 490 741; x_wconf 69' lang='lat' dir='ltr'><strong>Latium</strong></span> <span class='ocrx_word' id='word_1_22' title='bbox 512 664 580 728; x_wconf 88' lang='lat' dir='ltr'><strong>sint</strong></span> <span class='ocrx_word' id='word_1_23' title='bbox 595 659 717 725; x_wconf 77' lang='lat' dir='ltr'><strong>Albani</strong></span> <span class='ocrx_word' id='word_1_24' title='bbox 729 681 788 745; x_wconf 88' lang='lat' dir='ltr'><strong>per</strong></span> <span class='ocrx_word' id='word_1_25' title='bbox 801 661 932 725; x_wconf 71' lang='lat' dir='ltr'><strong>sarcula·</strong></span> <span class='ocrx_word' id='word_1_26' title='bbox 943 680 1069 742; x_wconf 82' lang='lat' dir='ltr'><strong>reges;</strong></span> <span class='ocrx_word' id='word_1_27' title='bbox 1090 661 1143 726; x_wconf 88' lang='lat' dir='ltr'><strong>Sit</strong></span> <span class='ocrx_word' id='word_1_28' title='bbox 1152 660 1207 725; x_wconf 66' lang='lat' dir='ltr'><strong>lte</strong></span> 
     </span>
     <span class='ocr_line' id='line_1_5' title="bbox 110 760 1208 849; baseline -0.007 -15"><span class='ocrx_word' id='word_1_29' title='bbox 110 787 209 835; x_wconf 82' lang='lat' dir='ltr'><strong>mana</strong></span> <span class='ocrx_word' id='word_1_30' title='bbox 233 776 351 849; x_wconf 86' lang='lat' dir='ltr'><strong>potens</strong></span> <span class='ocrx_word' id='word_1_31' title='bbox 374 766 461 829; x_wconf 89' lang='lat' dir='ltr'><strong>Itala</strong></span> <span class='ocrx_word' id='word_1_32' title='bbox 485 766 600 827; x_wconf 66' lang='lat' dir='ltr'><strong>uirtute</strong></span> <span class='ocrx_word' id='word_1_33' title='bbox 626 783 795 847; x_wconf 88' lang='lat' dir='ltr'><strong>propag0;</strong></span> <span class='ocrx_word' id='word_1_34' title='bbox 817 760 969 840; x_wconf 75' lang='lat' dir='ltr'><strong>Occidit,</strong></span> <span class='ocrx_word' id='word_1_35' title='bbox 982 763 1208 846; x_wconf 69' lang='lat' dir='ltr'><strong>occideitqn,</strong></span> 
     </span>
     <span class='ocr_line' id='line_1_6' title="bbox 111 863 587 949; baseline -0.013 -15"><span class='ocrx_word' id='word_1_36' title='bbox 111 870 214 945; x_wconf 82' lang='lat' dir='ltr'><strong>sinas,</strong></span> <span class='ocrx_word' id='word_1_37' title='bbox 230 888 305 931; x_wconf 92' lang='lat' dir='ltr'><strong>cum</strong></span> <span class='ocrx_word' id='word_1_38' title='bbox 319 868 450 930; x_wconf 88' lang='lat' dir='ltr'><strong>nomine</strong></span> <span class='ocrx_word' id='word_1_39' title='bbox 461 863 587 949; x_wconf 71' lang='lat' dir='ltr'><strong>&#39;froja’</strong></span> 
     </span>
    </p>

    <p class='ocr_par' dir='ltr' id='par_1_3' title="bbox 110 965 1214 1459">
     <span class='ocr_line' id='line_1_7' title="bbox 155 965 1208 1050; baseline -0.001 -18"><span class='ocrx_word' id='word_1_40' title='bbox 155 969 419 1032; x_wconf 79' lang='lat' dir='ltr'><strong>Observationes</strong></span> <span class='ocrx_word' id='word_1_41' title='bbox 442 967 605 1050; x_wconf 89' lang='lat' dir='ltr'><strong>superbis</strong></span> <span class='ocrx_word' id='word_1_42' title='bbox 619 965 816 1048; x_wconf 83' lang='lat' dir='ltr'><strong>subjungam</strong></span> <span class='ocrx_word' id='word_1_43' title='bbox 836 967 1039 1047; x_wconf 77' lang='lat' dir='ltr'><strong>nonnullas3</strong></span> <span class='ocrx_word' id='word_1_44' title='bbox 1064 974 1208 1050; x_wconf 66' lang='lat' dir='ltr'><strong>quot·-</strong></span> 
     </span>
     <span class='ocr_line' id='line_1_8' title="bbox 112 1067 1208 1156; baseline -0.002 -21"><span class='ocrx_word' id='word_1_45' title='bbox 112 1091 212 1156; x_wconf 88' lang='lat' dir='ltr'><strong>quam</strong></span> <span class='ocrx_word' id='word_1_46' title='bbox 227 1091 287 1153; x_wconf 89' lang='lat' dir='ltr'><strong>pro</strong></span> <span class='ocrx_word' id='word_1_47' title='bbox 301 1072 529 1153; x_wconf 86' lang='lat' dir='ltr'><strong>supplemento</strong></span> <span class='ocrx_word' id='word_1_48' title='bbox 550 1088 658 1132; x_wconf 84' lang='lat' dir='ltr'><strong>rerum</strong></span> <span class='ocrx_word' id='word_1_49' title='bbox 673 1069 707 1131; x_wconf 90' lang='lat' dir='ltr'><strong>in</strong></span> <span class='ocrx_word' id='word_1_50' title='bbox 736 1067 878 1131; x_wconf 85' lang='lat' dir='ltr'><strong>AEneide</strong></span> <span class='ocrx_word' id='word_1_51' title='bbox 903 1073 1131 1133; x_wconf 80' lang='lat' dir='ltr'><strong>tractatarum</strong></span> <span class='ocrx_word' id='word_1_52' title='bbox 1149 1070 1208 1146; x_wconf 70' lang='lat' dir='ltr'><strong>rii,</strong></span> 
     </span>
     <span class='ocr_line' id='line_1_9' title="bbox 112 1169 1214 1253; baseline -0.003 -16"><span class='ocrx_word' id='word_1_53' title='bbox 112 1173 174 1238; x_wconf 87' lang='lat' dir='ltr'><strong>etsi</strong></span> <span class='ocrx_word' id='word_1_54' title='bbox 187 1192 254 1236; x_wconf 90' lang='lat' dir='ltr'><strong>non</strong></span> <span class='ocrx_word' id='word_1_55' title='bbox 268 1173 365 1235; x_wconf 85' lang='lat' dir='ltr'><strong>valde</strong></span> <span class='ocrx_word' id='word_1_56' title='bbox 380 1174 496 1237; x_wconf 85' lang='lat' dir='ltr'><strong>doctas</strong></span> <span class='ocrx_word' id='word_1_57' title='bbox 509 1192 549 1235; x_wconf 92' lang='lat' dir='ltr'><strong>ac</strong></span> <span class='ocrx_word' id='word_1_58' title='bbox 565 1170 759 1246; x_wconf 85' lang='lat' dir='ltr'><strong>reconditas,</strong></span> <span class='ocrx_word' id='word_1_59' title='bbox 773 1189 926 1253; x_wconf 87' lang='lat' dir='ltr'><strong>quasque</strong></span> <span class='ocrx_word' id='word_1_60' title='bbox 943 1169 1036 1234; x_wconf 84' lang='lat' dir='ltr'><strong>adeo</strong></span> <span class='ocrx_word' id='word_1_61' title='bbox 1051 1190 1146 1235; x_wconf 76' lang='lat' dir='ltr'><strong>meris</strong></span> <span class='ocrx_word' id='word_1_62' title='bbox 1156 1177 1214 1234; x_wconf 78' lang='lat' dir='ltr'><strong>tn-</strong></span> 
     </span>
     <span class='ocr_line' id='line_1_10' title="bbox 110 1271 1209 1356; baseline -0.002 -18"><span class='ocrx_word' id='word_1_63' title='bbox 110 1274 200 1355; x_wconf 88' lang='lat' dir='ltr'><strong>longi</strong></span> <span class='ocrx_word' id='word_1_64' title='bbox 213 1275 324 1356; x_wconf 86' lang='lat' dir='ltr'><strong>operis</strong></span> <span class='ocrx_word' id='word_1_65' title='bbox 339 1273 481 1337; x_wconf 88' lang='lat' dir='ltr'><strong>decursu</strong></span> <span class='ocrx_word' id='word_1_66' title='bbox 496 1273 585 1336; x_wconf 86' lang='lat' dir='ltr'><strong>sessa</strong></span> <span class='ocrx_word' id='word_1_67' title='bbox 610 1291 724 1335; x_wconf 89' lang='lat' dir='ltr'><strong>secum</strong></span> <span class='ocrx_word' id='word_1_68' title='bbox 737 1271 830 1348; x_wconf 85' lang='lat' dir='ltr'><strong>ferre,</strong></span> <span class='ocrx_word' id='word_1_69' title='bbox 846 1272 931 1355; x_wconf 86' lang='lat' dir='ltr'><strong>justi</strong></span> <span class='ocrx_word' id='word_1_70' title='bbox 953 1274 1073 1336; x_wconf 69' lang='lat' dir='ltr'><strong>onais</strong></span> <span class='ocrx_word' id='word_1_71' title='bbox 1086 1273 1209 1337; x_wconf 72' lang='lat' dir='ltr'><strong>leven·</strong></span> 
     </span>
     <span class='ocr_line' id='line_1_11' title="bbox 111 1375 583 1459; baseline -0.013 -21"><span class='ocrx_word' id='word_1_72' title='bbox 111 1375 341 1459; x_wconf 82' lang='lat' dir='ltr'><strong>perpendium‚</strong></span> <span class='ocrx_word' id='word_1_73' title='bbox 357 1394 422 1437; x_wconf 91' lang='lat' dir='ltr'><strong>non</strong></span> <span class='ocrx_word' id='word_1_74' title='bbox 433 1375 583 1455; x_wconf 81' lang='lat' dir='ltr'><strong>refugiat.</strong></span> 
     </span>
    </p>

    <p class='ocr_par' dir='ltr' id='par_1_4' title="bbox 47 1473 1254 4185">
     <span class='ocr_line' id='line_1_12' title="bbox 156 1473 1254 1562; baseline 0 -22"><span class='ocrx_word' id='word_1_75' title='bbox 156 1475 200 1541; x_wconf 87' lang='lat' dir='ltr'><strong>Et</strong></span> <span class='ocrx_word' id='word_1_76' title='bbox 214 1478 355 1560; x_wconf 87' lang='lat' dir='ltr'><strong>primum</strong></span> <span class='ocrx_word' id='word_1_77' title='bbox 369 1477 502 1559; x_wconf 83' lang='lat' dir='ltr'><strong>quidem</strong></span> <span class='ocrx_word' id='word_1_78' title='bbox 528 1477 694 1558; x_wconf 85' lang='lat' dir='ltr'><strong>ingeniose</strong></span> <span class='ocrx_word' id='word_1_79' title='bbox 722 1477 786 1540; x_wconf 92' lang='lat' dir='ltr'><strong>hoc</strong></span> <span class='ocrx_word' id='word_1_80' title='bbox 807 1473 947 1553; x_wconf 86' lang='lat' dir='ltr'><strong>factum,</strong></span> <span class='ocrx_word' id='word_1_81' title='bbox 966 1477 1064 1560; x_wconf 87' lang='lat' dir='ltr'><strong>quod</strong></span> <span class='ocrx_word' id='word_1_82' title='bbox 1076 1474 1211 1562; x_wconf 74' lang='lat' dir='ltr'><strong>sutem</strong></span> <span class='ocrx_word' id='word_1_83' title='bbox 1252 1510 1254 1519; x_wconf 88' lang='grc'><strong><em>·</em></strong></span> 
     </span>
     <span class='ocr_line' id='line_1_13' title="bbox 117 1574 1211 1661; baseline 0.002 -20"><span class='ocrx_word' id='word_1_84' title='bbox 117 1574 210 1641; x_wconf 77' lang='lat' dir='ltr'><strong>Latii</strong></span> <span class='ocrx_word' id='word_1_85' title='bbox 225 1588 350 1652; x_wconf 80' lang='lat' dir='ltr'><strong>statum,</strong></span> <span class='ocrx_word' id='word_1_86' title='bbox 365 1597 463 1661; x_wconf 90' lang='lat' dir='ltr'><strong>quem</strong></span> <span class='ocrx_word' id='word_1_87' title='bbox 474 1577 636 1660; x_wconf 89' lang='lat' dir='ltr'><strong>majorum</strong></span> <span class='ocrx_word' id='word_1_88' title='bbox 650 1577 758 1659; x_wconf 89' lang='lat' dir='ltr'><strong>primo</strong></span> <span class='ocrx_word' id='word_1_89' title='bbox 772 1578 985 1641; x_wconf 85' lang='lat' dir='ltr'><strong>sermonibus</strong></span> <span class='ocrx_word' id='word_1_90' title='bbox 996 1584 1143 1657; x_wconf 67' lang='lat' dir='ltr'><strong>sareu,</strong></span> <span class='ocrx_word' id='word_1_91' title='bbox 1155 1583 1211 1643; x_wconf 80' lang='lat' dir='ltr'><strong>buu</strong></span> 
     </span>
     <span class='ocr_line' id='line_1_14' title="bbox 113 1679 1212 1764; baseline 0.001 -21"><span class='ocrx_word' id='word_1_92' title='bbox 113 1700 135 1743; x_wconf 91' lang='lat' dir='ltr'><strong>a</strong></span> <span class='ocrx_word' id='word_1_93' title='bbox 150 1681 270 1763; x_wconf 87' lang='lat' dir='ltr'><strong>priscis</strong></span> <span class='ocrx_word' id='word_1_94' title='bbox 283 1681 501 1764; x_wconf 82' lang='lat' dir='ltr'><strong>scriptoribus</strong></span> <span class='ocrx_word' id='word_1_95' title='bbox 516 1681 633 1743; x_wconf 84' lang='lat' dir='ltr'><strong>litteris</strong></span> <span class='ocrx_word' id='word_1_96' title='bbox 652 1679 796 1762; x_wconf 88' lang='lat' dir='ltr'><strong>prodita,</strong></span> <span class='ocrx_word' id='word_1_97' title='bbox 811 1679 1030 1744; x_wconf 84' lang='lat' dir='ltr'><strong>memoriaad</strong></span> <span class='ocrx_word' id='word_1_98' title='bbox 1053 1680 1212 1764; x_wconf 66' lang='lat' dir='ltr'><strong>posteriu-</strong></span> 
     </span>
     <span class='ocr_line' id='line_1_15' title="bbox 112 1779 1213 1865; baseline 0.002 -22"><span class='ocrx_word' id='word_1_99' title='bbox 112 1785 177 1843; x_wconf 88' lang='lat' dir='ltr'><strong>tem</strong></span> <span class='ocrx_word' id='word_1_100' title='bbox 191 1782 380 1862; x_wconf 76' lang='lat' dir='ltr'><strong>pertulerat,</strong></span> <span class='ocrx_word' id='word_1_101' title='bbox 397 1792 545 1864; x_wconf 79' lang='lat' dir='ltr'><strong>tauquam</strong></span> <span class='ocrx_word' id='word_1_102' title='bbox 556 1779 758 1865; x_wconf 75' lang='lat' dir='ltr'><strong>sederejam</strong></span> <span class='ocrx_word' id='word_1_103' title='bbox 773 1780 813 1844; x_wconf 83' lang='lat' dir='ltr'><strong>ab</strong></span> <span class='ocrx_word' id='word_1_104' title='bbox 828 1780 922 1843; x_wconf 80' lang='lat' dir='ltr'><strong>initio</strong></span> <span class='ocrx_word' id='word_1_105' title='bbox 935 1781 1145 1844; x_wconf 73' lang='lat' dir='ltr'><strong>eorutitrttun</strong></span> <span class='ocrx_word' id='word_1_106' title='bbox 1156 1798 1213 1845; x_wconf 76' lang='grc' dir='ltr'><strong>ιο·</strong></span> 
     </span>
     <span class='ocr_line' id='line_1_16' title="bbox 110 1881 1214 1970; baseline 0.001 -25"><span class='ocrx_word' id='word_1_107' title='bbox 110 1882 251 1945; x_wconf 86' lang='lat' dir='ltr'><strong>moravit</strong></span> <span class='ocrx_word' id='word_1_108' title='bbox 263 1889 295 1944; x_wconf 89' lang='lat' dir='ltr'><strong>et</strong></span> <span class='ocrx_word' id='word_1_109' title='bbox 310 1882 482 1946; x_wconf 88' lang='lat' dir='ltr'><strong>commode</strong></span> <span class='ocrx_word' id='word_1_110' title='bbox 504 1883 581 1946; x_wconf 89' lang='lat' dir='ltr'><strong>loeo</strong></span> <span class='ocrx_word' id='word_1_111' title='bbox 603 1884 754 1948; x_wconf 84' lang='lat' dir='ltr'><strong>intexuit.</strong></span> <span class='ocrx_word' id='word_1_112' title='bbox 800 1882 940 1948; x_wconf 80' lang='lat' dir='ltr'><strong>Cessero</strong></span> <span class='ocrx_word' id='word_1_113' title='bbox 953 1883 1099 1970; x_wconf 83' lang='lat' dir='ltr'><strong>Trojaui</strong></span> <span class='ocrx_word' id='word_1_114' title='bbox 1113 1885 1148 1947; x_wconf 88' lang='lat' dir='ltr'><strong>in</strong></span> <span class='ocrx_word' id='word_1_115' title='bbox 1160 1881 1214 1946; x_wconf 73' lang='lat' dir='ltr'><strong>Ia·</strong></span> 
     </span>
     <span class='ocr_line' id='line_1_17' title="bbox 47 1981 1214 2069; baseline 0.003 -25"><span class='ocrx_word' id='word_1_116' title='bbox 47 2066 48 2069; x_wconf 8' lang='grc' dir='ltr'><strong>Ἴ</strong></span> <span class='ocrx_word' id='word_1_117' title='bbox 74 2020 79 2029; x_wconf 92' lang='lat'><em>-</em></span> <span class='ocrx_word' id='word_1_118' title='bbox 113 1981 255 2045; x_wconf 88' lang='lat' dir='ltr'><strong>tinorum</strong></span> <span class='ocrx_word' id='word_1_119' title='bbox 269 2002 396 2046; x_wconf 90' lang='lat' dir='ltr'><strong>nomen.</strong></span> <span class='ocrx_word' id='word_1_120' title='bbox 441 1981 528 2048; x_wconf 84' lang='lat' dir='ltr'><strong>Cum</strong></span> <span class='ocrx_word' id='word_1_121' title='bbox 553 1989 664 2049; x_wconf 57' lang='lat' dir='ltr'><strong>umen</strong></span> <span class='ocrx_word' id='word_1_122' title='bbox 680 1985 819 2061; x_wconf 85' lang='lat' dir='ltr'><strong>AEneas,</strong></span> <span class='ocrx_word' id='word_1_123' title='bbox 834 1982 913 2047; x_wconf 85' lang='lat' dir='ltr'><strong>dum</strong></span> <span class='ocrx_word' id='word_1_124' title='bbox 927 1984 1064 2049; x_wconf 82' lang='lat' dir='ltr'><strong>viveret</strong></span> <span class='ocrx_word' id='word_1_125' title='bbox 1078 1984 1214 2057; x_wconf 71' lang='lat' dir='ltr'><strong>huam,</strong></span> 
     </span>
     <span class='ocr_line' id='line_1_18' title="bbox 114 2082 1217 2168; baseline 0.001 -21"><span class='ocrx_word' id='word_1_126' title='bbox 114 2102 195 2148; x_wconf 88' lang='lat' dir='ltr'><strong>suos</strong></span> <span class='ocrx_word' id='word_1_127' title='bbox 208 2083 373 2168; x_wconf 85' lang='lat' dir='ltr'><strong>Trojanos</strong></span> <span class='ocrx_word' id='word_1_128' title='bbox 388 2085 550 2149; x_wconf 82' lang='lat' dir='ltr'><strong>discretos</strong></span> <span class='ocrx_word' id='word_1_129' title='bbox 565 2087 607 2148; x_wconf 92' lang='lat' dir='ltr'><strong>ab</strong></span> <span class='ocrx_word' id='word_1_130' title='bbox 623 2085 665 2148; x_wconf 91' lang='lat' dir='ltr'><strong>iis</strong></span> <span class='ocrx_word' id='word_1_131' title='bbox 679 2085 826 2163; x_wconf 88' lang='lat' dir='ltr'><strong>haberet,</strong></span> <span class='ocrx_word' id='word_1_132' title='bbox 849 2104 912 2149; x_wconf 86' lang='lat' dir='ltr'><strong>nee</strong></span> <span class='ocrx_word' id='word_1_133' title='bbox 926 2104 990 2150; x_wconf 84' lang='lat' dir='ltr'><strong>eos</strong></span> <span class='ocrx_word' id='word_1_134' title='bbox 1012 2105 1093 2150; x_wconf 89' lang='lat' dir='ltr'><strong>cnm</strong></span> <span class='ocrx_word' id='word_1_135' title='bbox 1107 2082 1217 2148; x_wconf 77' lang='lat' dir='ltr'><strong>Abori·</strong></span> 
     </span>
     <span class='ocr_line' id='line_1_19' title="bbox 114 2184 1216 2270; baseline 0 -21"><span class='ocrx_word' id='word_1_136' title='bbox 114 2184 245 2266; x_wconf 88' lang='lat' dir='ltr'><strong>ginibus</strong></span> <span class='ocrx_word' id='word_1_137' title='bbox 269 2188 432 2264; x_wconf 87' lang='lat' dir='ltr'><strong>misceret,</strong></span> <span class='ocrx_word' id='word_1_138' title='bbox 447 2188 511 2251; x_wconf 88' lang='lat' dir='ltr'><strong>nisi</strong></span> <span class='ocrx_word' id='word_1_139' title='bbox 529 2207 573 2251; x_wconf 84' lang='lat' dir='ltr'><strong>ex</strong></span> <span class='ocrx_word' id='word_1_140' title='bbox 596 2206 664 2270; x_wconf 90' lang='lat' dir='ltr'><strong>quo</strong></span> <span class='ocrx_word' id='word_1_141' title='bbox 689 2188 830 2252; x_wconf 80' lang='lat' dir='ltr'><strong>latinus</strong></span> <span class='ocrx_word' id='word_1_142' title='bbox 844 2188 958 2253; x_wconf 82' lang='lat' dir='ltr'><strong>vivere</strong></span> <span class='ocrx_word' id='word_1_143' title='bbox 979 2187 1147 2252; x_wconf 63' lang='lat' dir='ltr'><strong>dederet:</strong></span> <span class='ocrx_word' id='word_1_144' title='bbox 1166 2204 1216 2249; x_wconf 85' lang='lat' dir='ltr'><strong>ex·</strong></span> 
     </span>
     <span class='ocr_line' id='line_1_20' title="bbox 115 2287 1216 2371; baseline -0.001 -21"><span class='ocrx_word' id='word_1_145' title='bbox 115 2289 240 2370; x_wconf 77' lang='lat' dir='ltr'><strong>pectori</strong></span> <span class='ocrx_word' id='word_1_146' title='bbox 255 2295 395 2371; x_wconf 88' lang='lat' dir='ltr'><strong>poterat,</strong></span> <span class='ocrx_word' id='word_1_147' title='bbox 411 2290 550 2354; x_wconf 87' lang='lat' dir='ltr'><strong>Latinos</strong></span> <span class='ocrx_word' id='word_1_148' title='bbox 565 2290 676 2371; x_wconf 90' lang='lat' dir='ltr'><strong>potius</strong></span> <span class='ocrx_word' id='word_1_149' title='bbox 701 2290 734 2351; x_wconf 93' lang='lat' dir='ltr'><strong>in</strong></span> <span class='ocrx_word' id='word_1_150' title='bbox 747 2288 971 2370; x_wconf 64' lang='lat' dir='ltr'><strong>&#39;trojanorum</strong></span> <span class='ocrx_word' id='word_1_151' title='bbox 983 2306 1110 2352; x_wconf 85' lang='lat' dir='ltr'><strong>nomen</strong></span> <span class='ocrx_word' id='word_1_152' title='bbox 1124 2287 1216 2351; x_wconf 75' lang='lat' dir='ltr'><strong>abitu</strong></span> 
     </span>
     <span class='ocr_line' id='line_1_21' title="bbox 113 2390 1217 2473; baseline 0.002 -22"><span class='ocrx_word' id='word_1_153' title='bbox 113 2407 167 2451; x_wconf 90' lang='lat' dir='ltr'><strong>ros</strong></span> <span class='ocrx_word' id='word_1_154' title='bbox 182 2408 265 2452; x_wconf 88' lang='lat' dir='ltr'><strong>esse.</strong></span> <span class='ocrx_word' id='word_1_155' title='bbox 312 2390 501 2453; x_wconf 83' lang='lat' dir='ltr'><strong>Obscurum</strong></span> <span class='ocrx_word' id='word_1_156' title='bbox 513 2396 573 2465; x_wconf 88' lang='lat' dir='ltr'><strong>est,</strong></span> <span class='ocrx_word' id='word_1_157' title='bbox 588 2410 655 2473; x_wconf 89' lang='lat' dir='ltr'><strong>qua</strong></span> <span class='ocrx_word' id='word_1_158' title='bbox 669 2392 797 2454; x_wconf 88' lang='lat' dir='ltr'><strong>ratione</strong></span> <span class='ocrx_word' id='word_1_159' title='bbox 808 2390 842 2453; x_wconf 91' lang='lat' dir='ltr'><strong>id</strong></span> <span class='ocrx_word' id='word_1_160' title='bbox 857 2390 982 2453; x_wconf 86' lang='lat' dir='ltr'><strong>factum</strong></span> <span class='ocrx_word' id='word_1_161' title='bbox 998 2390 1058 2468; x_wconf 74' lang='lat' dir='ltr'><strong>sit,</strong></span> <span class='ocrx_word' id='word_1_162' title='bbox 1072 2399 1107 2455; x_wconf 88' lang='lat' dir='ltr'><strong>et</strong></span> <span class='ocrx_word' id='word_1_163' title='bbox 1120 2390 1217 2453; x_wconf 82' lang='lat' dir='ltr'><strong>direr-</strong></span> 
     </span>
     <span class='ocr_line' id='line_1_22' title="bbox 115 2488 1216 2572; baseline 0.003 -22"><span class='ocrx_word' id='word_1_164' title='bbox 115 2488 163 2550; x_wconf 89' lang='lat' dir='ltr'><strong>sis</strong></span> <span class='ocrx_word' id='word_1_165' title='bbox 179 2489 285 2551; x_wconf 90' lang='lat' dir='ltr'><strong>modis</strong></span> <span class='ocrx_word' id='word_1_166' title='bbox 301 2488 422 2551; x_wconf 89' lang='lat' dir='ltr'><strong>factum</strong></span> <span class='ocrx_word' id='word_1_167' title='bbox 445 2489 479 2552; x_wconf 91' lang='lat' dir='ltr'><strong>id</strong></span> <span class='ocrx_word' id='word_1_168' title='bbox 501 2496 658 2553; x_wconf 83' lang='lat' dir='ltr'><strong>narratur.</strong></span> <span class='ocrx_word' id='word_1_169' title='bbox 703 2491 848 2553; x_wconf 88' lang='lat' dir='ltr'><strong>Solerter</strong></span> <span class='ocrx_word' id='word_1_170' title='bbox 872 2491 986 2572; x_wconf 88' lang='lat' dir='ltr'><strong>itaque</strong></span> <span class='ocrx_word' id='word_1_171' title='bbox 1006 2492 1175 2556; x_wconf 84' lang='lat' dir='ltr'><strong>inventum</strong></span> <span class='ocrx_word' id='word_1_172' title='bbox 1198 2509 1216 2553; x_wconf 83' lang='grc' dir='ltr'><strong>ι</strong></span> 
     </span>
     <span class='ocr_line' id='line_1_23' title="bbox 115 2587 1215 2673; baseline 0.004 -23"><span class='ocrx_word' id='word_1_173' title='bbox 115 2587 227 2671; x_wconf 75' lang='lat' dir='ltr'><strong>poeta,</strong></span> <span class='ocrx_word' id='word_1_174' title='bbox 244 2594 280 2650; x_wconf 86' lang='lat' dir='ltr'><strong>ut</strong></span> <span class='ocrx_word' id='word_1_175' title='bbox 295 2587 428 2650; x_wconf 86' lang='lat' dir='ltr'><strong>foederis</strong></span> <span class='ocrx_word' id='word_1_176' title='bbox 444 2589 485 2650; x_wconf 88' lang='lat' dir='ltr'><strong>de</strong></span> <span class='ocrx_word' id='word_1_177' title='bbox 500 2589 587 2652; x_wconf 90' lang='lat' dir='ltr'><strong>bello</strong></span> <span class='ocrx_word' id='word_1_178' title='bbox 602 2611 661 2670; x_wconf 88' lang='lat' dir='ltr'><strong>per</strong></span> <span class='ocrx_word' id='word_1_179' title='bbox 676 2598 842 2653; x_wconf 81' lang='lat' dir='ltr'><strong>certamen</strong></span> <span class='ocrx_word' id='word_1_180' title='bbox 857 2593 1026 2673; x_wconf 85' lang='lat' dir='ltr'><strong>singulare</strong></span> <span class='ocrx_word' id='word_1_181' title='bbox 1042 2593 1215 2656; x_wconf 87' lang='lat' dir='ltr'><strong>dirimendo</strong></span> 
     </span>
     <span class='ocr_line' id='line_1_24' title="bbox 115 2688 1214 2777; baseline 0.004 -25"><span class='ocrx_word' id='word_1_182' title='bbox 115 2688 360 2753; x_wconf 89' lang='lat' dir='ltr'><strong>conditionibus</strong></span> <span class='ocrx_word' id='word_1_183' title='bbox 383 2690 455 2751; x_wconf 87' lang='lat' dir='ltr'><strong>haec</strong></span> <span class='ocrx_word' id='word_1_184' title='bbox 482 2692 764 2755; x_wconf 86' lang='lat' dir='ltr'><strong>constituerentur.</strong></span> <span class='ocrx_word' id='word_1_185' title='bbox 811 2693 1032 2757; x_wconf 85' lang='lat' dir='ltr'><strong>Condib&#39;ones</strong></span> <span class='ocrx_word' id='word_1_186' title='bbox 1047 2697 1146 2777; x_wconf 89' lang='lat' dir='ltr'><strong>igitur</strong></span> <span class='ocrx_word' id='word_1_187' title='bbox 1168 2695 1214 2756; x_wconf 86' lang='lat' dir='ltr'><strong>bre</strong></span> 
     </span>
     <span class='ocr_line' id='line_1_25' title="bbox 113 2785 1215 2873; baseline 0.003 -22"><span class='ocrx_word' id='word_1_188' title='bbox 113 2787 294 2853; x_wconf 78' lang='lat' dir='ltr'><strong>hahendae:</strong></span> <span class='ocrx_word' id='word_1_189' title='bbox 322 2785 454 2869; x_wconf 73' lang='lat' dir='ltr'><strong>Trry‘oui</strong></span> <span class='ocrx_word' id='word_1_190' title='bbox 467 2788 543 2850; x_wconf 80' lang='lat' dir='ltr'><strong>victi</strong></span> <span class='ocrx_word' id='word_1_191' title='bbox 560 2810 639 2873; x_wconf 78' lang='lat' dir='ltr'><strong>agro</strong></span> <span class='ocrx_word' id='word_1_192' title='bbox 669 2788 860 2855; x_wconf 71' lang='lat' dir='ltr'><strong>Laurentum</strong></span> <span class='ocrx_word' id='word_1_193' title='bbox 883 2792 1053 2856; x_wconf 76' lang='lat' dir='ltr'><strong>excedente</strong></span> <span class='ocrx_word' id='word_1_194' title='bbox 1062 2822 1075 2866; x_wconf 80' lang='lat'><strong>‚-</strong></span> <span class='ocrx_word' id='word_1_195' title='bbox 1095 2793 1215 2857; x_wconf 76' lang='lat' dir='ltr'><strong>victores</strong></span> 
     </span>
     <span class='ocr_line' id='line_1_26' title="bbox 115 2885 1215 2978; baseline 0.002 -25"><span class='ocrx_word' id='word_1_196' title='bbox 115 2909 199 2973; x_wconf 72' lang='lat' dir='ltr'><strong>equo</strong></span> <span class='ocrx_word' id='word_1_197' title='bbox 212 2888 290 2974; x_wconf 82' lang='lat' dir='ltr'><strong>jure</strong></span> <span class='ocrx_word' id='word_1_198' title='bbox 306 2909 373 2949; x_wconf 83' lang='lat' dir='ltr'><strong>cum</strong></span> <span class='ocrx_word' id='word_1_199' title='bbox 391 2885 517 2951; x_wconf 81' lang='lat' dir='ltr'><strong>Latinis</strong></span> <span class='ocrx_word' id='word_1_200' title='bbox 531 2899 677 2955; x_wconf 76' lang='lat' dir='ltr'><strong>utrrrrtor:</strong></span> <span class='ocrx_word' id='word_1_201' title='bbox 706 2889 841 2955; x_wconf 78' lang='lat' dir='ltr'><strong>Latinus</strong></span> <span class='ocrx_word' id='word_1_202' title='bbox 856 2893 1018 2978; x_wconf 82' lang='lat' dir='ltr'><strong>imperium</strong></span> <span class='ocrx_word' id='word_1_203' title='bbox 1034 2905 1064 2958; x_wconf 85' lang='lat' dir='ltr'><strong>et</strong></span> <span class='ocrx_word' id='word_1_204' title='bbox 1074 2916 1215 2958; x_wconf 83' lang='grc' dir='ltr'><strong>ιιιιιιιιιιιιιι</strong></span> 
     </span>
     <span class='ocr_line' id='line_1_27' title="bbox 104 2976 1215 3078; baseline 0.002 -24"><span class='ocrx_word' id='word_1_205' title='bbox 104 2976 163 3076; x_wconf 76' lang='lat' dir='ltr'><strong>jus</strong></span> <span class='ocrx_word' id='word_1_206' title='bbox 177 2989 308 3053; x_wconf 74' lang='lat' dir='ltr'><strong>habeto:</strong></span> <span class='ocrx_word' id='word_1_207' title='bbox 332 2989 491 3076; x_wconf 77' lang='lat' dir='ltr'><strong>religiones</strong></span> <span class='ocrx_word' id='word_1_208' title='bbox 514 3012 584 3053; x_wconf 79' lang='lat' dir='ltr'><strong>suos</strong></span> <span class='ocrx_word' id='word_1_209' title='bbox 610 2988 739 3078; x_wconf 81' lang='lat' dir='ltr'><strong>Trojcui</strong></span> <span class='ocrx_word' id='word_1_210' title='bbox 757 2991 884 3057; x_wconf 81' lang='lat' dir='ltr'><strong>Latinis</strong></span> <span class='ocrx_word' id='word_1_211' title='bbox 909 2995 1131 3078; x_wconf 74' lang='lat' dir='ltr'><strong>impertiuntur</strong></span> <span class='ocrx_word' id='word_1_212' title='bbox 1152 3016 1215 3058; x_wconf 79' lang='lat' dir='ltr'><strong>eor·</strong></span> 
     </span>
     <span class='ocr_line' id='line_1_28' title="bbox 114 3091 1214 3179; baseline 0.005 -23"><span class='ocrx_word' id='word_1_213' title='bbox 114 3091 219 3157; x_wconf 80' lang='lat' dir='ltr'><strong>dende</strong></span> <span class='ocrx_word' id='word_1_214' title='bbox 240 3092 313 3155; x_wconf 81' lang='lat' dir='ltr'><strong>urbi</strong></span> <span class='ocrx_word' id='word_1_215' title='bbox 342 3091 423 3155; x_wconf 83' lang='lat' dir='ltr'><strong>locus</strong></span> <span class='ocrx_word' id='word_1_216' title='bbox 448 3091 593 3179; x_wconf 70' lang='lat' dir='ltr'><strong>Trojcms</strong></span> <span class='ocrx_word' id='word_1_217' title='bbox 622 3094 805 3177; x_wconf 80' lang='lat' dir='ltr'><strong>assignator.</strong></span> <span class='ocrx_word' id='word_1_218' title='bbox 850 3095 929 3160; x_wconf 84' lang='lat' dir='ltr'><strong>Jam</strong></span> <span class='ocrx_word' id='word_1_219' title='bbox 957 3098 1032 3162; x_wconf 80' lang='lat' dir='ltr'><strong>haec</strong></span> <span class='ocrx_word' id='word_1_220' title='bbox 1059 3118 1124 3163; x_wconf 89' lang='lat' dir='ltr'><strong>nou</strong></span> <span class='ocrx_word' id='word_1_221' title='bbox 1151 3098 1214 3161; x_wconf 80' lang='lat' dir='ltr'><strong>sine</strong></span> 
     </span>
     <span class='ocr_line' id='line_1_29' title="bbox 114 3196 1213 3281; baseline 0.005 -23"><span class='ocrx_word' id='word_1_222' title='bbox 114 3196 203 3259; x_wconf 90' lang='lat' dir='ltr'><strong>omni</strong></span> <span class='ocrx_word' id='word_1_223' title='bbox 217 3197 363 3261; x_wconf 82' lang='lat' dir='ltr'><strong>historiae</strong></span> <span class='ocrx_word' id='word_1_224' title='bbox 384 3199 580 3261; x_wconf 86' lang='lat' dir='ltr'><strong>auctoritate</strong></span> <span class='ocrx_word' id='word_1_225' title='bbox 594 3217 614 3259; x_wconf 90' lang='lat' dir='ltr'><strong>a</strong></span> <span class='ocrx_word' id='word_1_226' title='bbox 638 3196 739 3280; x_wconf 73' lang='lat' dir='ltr'><strong>poeta</strong></span> <span class='ocrx_word' id='word_1_227' title='bbox 752 3218 826 3263; x_wconf 89' lang='lat' dir='ltr'><strong>esse</strong></span> <span class='ocrx_word' id='word_1_228' title='bbox 841 3198 931 3275; x_wconf 88' lang='lat' dir='ltr'><strong>ficta,</strong></span> <span class='ocrx_word' id='word_1_229' title='bbox 952 3218 998 3263; x_wconf 82' lang='lat' dir='ltr'><strong>ex</strong></span> <span class='ocrx_word' id='word_1_230' title='bbox 1012 3201 1057 3264; x_wconf 95' lang='lat' dir='ltr'><strong>iis</strong></span> <span class='ocrx_word' id='word_1_231' title='bbox 1071 3200 1213 3281; x_wconf 83' lang='lat' dir='ltr'><strong>intelligi·</strong></span> 
     </span>
     <span class='ocr_line' id='line_1_30' title="bbox 114 3300 1210 3379; baseline 0.006 -20"><span class='ocrx_word' id='word_1_232' title='bbox 114 3303 178 3373; x_wconf 88' lang='lat' dir='ltr'><strong>tur,</strong></span> <span class='ocrx_word' id='word_1_233' title='bbox 207 3318 295 3379; x_wconf 69' lang='lat' dir='ltr'><strong>quse,</strong></span> <span class='ocrx_word' id='word_1_234' title='bbox 322 3300 384 3360; x_wconf 88' lang='lat' dir='ltr'><strong>etsi</strong></span> <span class='ocrx_word' id='word_1_235' title='bbox 400 3300 481 3363; x_wconf 83' lang='lat' dir='ltr'><strong>inter</strong></span> <span class='ocrx_word' id='word_1_236' title='bbox 501 3300 650 3362; x_wconf 86' lang='lat' dir='ltr'><strong>diversas</strong></span> <span class='ocrx_word' id='word_1_237' title='bbox 674 3307 852 3363; x_wconf 86' lang='lat' dir='ltr'><strong>ceterarum</strong></span> <span class='ocrx_word' id='word_1_238' title='bbox 874 3319 982 3364; x_wconf 87' lang='lat' dir='ltr'><strong>rerum</strong></span> <span class='ocrx_word' id='word_1_239' title='bbox 1004 3303 1210 3373; x_wconf 72' lang='lat' dir='ltr'><strong>namucus,</strong></span> 
     </span>
     <span class='ocr_line' id='line_1_31' title="bbox 116 3398 1209 3479; baseline 0.003 -19"><span class='ocrx_word' id='word_1_240' title='bbox 116 3399 156 3460; x_wconf 89' lang='lat' dir='ltr'><strong>de</strong></span> <span class='ocrx_word' id='word_1_241' title='bbox 171 3417 256 3479; x_wconf 87' lang='lat' dir='ltr'><strong>pace</strong></span> <span class='ocrx_word' id='word_1_242' title='bbox 272 3407 305 3461; x_wconf 87' lang='lat' dir='ltr'><strong>ct</strong></span> <span class='ocrx_word' id='word_1_243' title='bbox 316 3398 438 3461; x_wconf 82' lang='lat' dir='ltr'><strong>foedere</strong></span> <span class='ocrx_word' id='word_1_244' title='bbox 465 3400 545 3462; x_wconf 87' lang='lat' dir='ltr'><strong>inter</strong></span> <span class='ocrx_word' id='word_1_245' title='bbox 563 3401 705 3464; x_wconf 87' lang='lat' dir='ltr'><strong>AEneam</strong></span> <span class='ocrx_word' id='word_1_246' title='bbox 727 3408 759 3464; x_wconf 90' lang='lat' dir='ltr'><strong>et</strong></span> <span class='ocrx_word' id='word_1_247' title='bbox 774 3400 928 3463; x_wconf 89' lang='lat' dir='ltr'><strong>Latinum</strong></span> <span class='ocrx_word' id='word_1_248' title='bbox 943 3402 1024 3465; x_wconf 90' lang='lat' dir='ltr'><strong>inito</strong></span> <span class='ocrx_word' id='word_1_249' title='bbox 1039 3402 1159 3465; x_wconf 85' lang='lat' dir='ltr'><strong>tradita</strong></span> <span class='ocrx_word' id='word_1_250' title='bbox 1170 3401 1209 3463; x_wconf 85' lang='lat' dir='ltr'><strong>ie·</strong></span> 
     </span>
     <span class='ocr_line' id='line_1_32' title="bbox 115 3496 1209 3583; baseline 0.009 -25"><span class='ocrx_word' id='word_1_251' title='bbox 115 3498 233 3578; x_wconf 88' lang='lat' dir='ltr'><strong>gimus.</strong></span> <span class='ocrx_word' id='word_1_252' title='bbox 280 3496 382 3580; x_wconf 86' lang='lat' dir='ltr'><strong>Apud</strong></span> <span class='ocrx_word' id='word_1_253' title='bbox 412 3499 608 3583; x_wconf 85' lang='lat' dir='ltr'><strong>Dionysium</strong></span> <span class='ocrx_word' id='word_1_254' title='bbox 624 3519 649 3578; x_wconf 89' lang='lat'><strong>1,</strong></span> <span class='ocrx_word' id='word_1_255' title='bbox 665 3503 709 3566; x_wconf 79' lang='grc'><strong>59</strong></span> <span class='ocrx_word' id='word_1_256' title='bbox 734 3523 777 3565; x_wconf 87' lang='lat' dir='ltr'><strong>ex</strong></span> <span class='ocrx_word' id='word_1_257' title='bbox 792 3502 960 3565; x_wconf 88' lang='lat' dir='ltr'><strong>communi</strong></span> <span class='ocrx_word' id='word_1_258' title='bbox 984 3520 1209 3567; x_wconf 73' lang='lat' dir='ltr'><strong>commemore-</strong></span> 
     </span>
     <span class='ocr_line' id='line_1_33' title="bbox 115 3600 1208 3688; baseline 0.004 -25"><span class='ocrx_word' id='word_1_259' title='bbox 115 3600 213 3673; x_wconf 90' lang='lat' dir='ltr'><strong>tione,</strong></span> <span class='ocrx_word' id='word_1_260' title='bbox 229 3617 329 3679; x_wconf 85' lang='lat' dir='ltr'><strong>quam</strong></span> <span class='ocrx_word' id='word_1_261' title='bbox 352 3600 399 3662; x_wconf 91' lang='lat' dir='ltr'><strong>ibi</strong></span> <span class='ocrx_word' id='word_1_262' title='bbox 414 3602 564 3683; x_wconf 82' lang='lat' dir='ltr'><strong>exponit,</strong></span> <span class='ocrx_word' id='word_1_263' title='bbox 580 3608 654 3667; x_wconf 84' lang='lat' dir='ltr'><strong>ante</strong></span> <span class='ocrx_word' id='word_1_264' title='bbox 676 3622 890 3686; x_wconf 89' lang='lat' dir='ltr'><strong>congressum</strong></span> <span class='ocrx_word' id='word_1_265' title='bbox 903 3604 1081 3688; x_wconf 88' lang='lat' dir='ltr'><strong>utriusque</strong></span> <span class='ocrx_word' id='word_1_266' title='bbox 1095 3601 1208 3669; x_wconf 86' lang='lat' dir='ltr'><strong>exerci-</strong></span> 
     </span>
     <span class='ocr_line' id='line_1_34' title="bbox 115 3698 1208 3788; baseline 0.004 -26"><span class='ocrx_word' id='word_1_267' title='bbox 115 3704 168 3762; x_wconf 86' lang='lat' dir='ltr'><strong>tus</strong></span> <span class='ocrx_word' id='word_1_268' title='bbox 183 3698 294 3762; x_wconf 84' lang='lat' dir='ltr'><strong>foedus</strong></span> <span class='ocrx_word' id='word_1_269' title='bbox 309 3699 432 3765; x_wconf 83' lang='lat' dir='ltr'><strong>sactum</strong></span> <span class='ocrx_word' id='word_1_270' title='bbox 448 3703 530 3767; x_wconf 85' lang='lat' dir='ltr'><strong>inter</strong></span> <span class='ocrx_word' id='word_1_271' title='bbox 545 3704 685 3768; x_wconf 88' lang='lat' dir='ltr'><strong>AEueam</strong></span> <span class='ocrx_word' id='word_1_272' title='bbox 705 3712 739 3768; x_wconf 91' lang='lat' dir='ltr'><strong>et</strong></span> <span class='ocrx_word' id='word_1_273' title='bbox 755 3704 908 3768; x_wconf 82' lang='lat' dir='ltr'><strong>Latinum</strong></span> <span class='ocrx_word' id='word_1_274' title='bbox 924 3706 967 3768; x_wconf 86' lang='lat' dir='ltr'><strong>in</strong></span> <span class='ocrx_word' id='word_1_275' title='bbox 981 3703 1045 3770; x_wconf 81' lang='lat' dir='ltr'><strong>bus</strong></span> <span class='ocrx_word' id='word_1_276' title='bbox 1055 3707 1159 3788; x_wconf 79' lang='lat' dir='ltr'><strong>leges:</strong></span> <span class='ocrx_word' id='word_1_277' title='bbox 1178 3710 1208 3766; x_wconf 84' lang='lat' dir='ltr'><strong>ut</strong></span> 
     </span>
     <span class='ocr_line' id='line_1_35' title="bbox 115 3799 1206 3891; baseline 0.003 -26"><span class='ocrx_word' id='word_1_278' title='bbox 115 3799 248 3885; x_wconf 84' lang='lat' dir='ltr'><strong>Trojaui</strong></span> <span class='ocrx_word' id='word_1_279' title='bbox 266 3803 455 3883; x_wconf 86' lang='lat' dir='ltr'><strong>acciperent</strong></span> <span class='ocrx_word' id='word_1_280' title='bbox 470 3811 595 3869; x_wconf 89' lang='lat' dir='ltr'><strong>tautum</strong></span> <span class='ocrx_word' id='word_1_281' title='bbox 613 3806 694 3886; x_wconf 87' lang='lat' dir='ltr'><strong>agri,</strong></span> <span class='ocrx_word' id='word_1_282' title='bbox 709 3813 869 3888; x_wconf 87' lang='lat' dir='ltr'><strong>quantum</strong></span> <span class='ocrx_word' id='word_1_283' title='bbox 884 3825 906 3868; x_wconf 88' lang='lat' dir='ltr'><strong>a</strong></span> <span class='ocrx_word' id='word_1_284' title='bbox 920 3806 1007 3871; x_wconf 86' lang='lat' dir='ltr'><strong>colle</strong></span> <span class='ocrx_word' id='word_1_285' title='bbox 1028 3806 1103 3891; x_wconf 84' lang='lat' dir='ltr'><strong>(cui</strong></span> <span class='ocrx_word' id='word_1_286' title='bbox 1118 3804 1206 3870; x_wconf 70' lang='lat' dir='ltr'><strong>Iari-</strong></span> 
     </span>
     <span class='ocr_line' id='line_1_36' title="bbox 114 3903 1206 3989; baseline 0.005 -25"><span class='ocrx_word' id='word_1_287' title='bbox 114 3903 204 3968; x_wconf 88' lang='lat' dir='ltr'><strong>nium</strong></span> <span class='ocrx_word' id='word_1_288' title='bbox 225 3905 432 3985; x_wconf 76' lang='lat' dir='ltr'><strong>impositum)</strong></span> <span class='ocrx_word' id='word_1_289' title='bbox 455 3927 740 3989; x_wconf 85' lang='lat' dir='ltr'><strong>quoquoversum</strong></span> <span class='ocrx_word' id='word_1_290' title='bbox 762 3909 919 3972; x_wconf 87' lang='lat' dir='ltr'><strong>euntibus</strong></span> <span class='ocrx_word' id='word_1_291' title='bbox 949 3909 1062 3973; x_wconf 87' lang='lat' dir='ltr'><strong>stadia</strong></span> <span class='ocrx_word' id='word_1_292' title='bbox 1091 3908 1206 3973; x_wconf 60' lang='lat' dir='ltr'><strong>cirris</strong></span> 
     </span>
     <span class='ocr_line' id='line_1_37' title="bbox 117 4007 1205 4092; baseline 0.009 -24"><span class='ocrx_word' id='word_1_293' title='bbox 117 4022 169 4068; x_wconf 70' lang='grc' dir='ltr'><strong>ιιι</strong></span> <span class='ocrx_word' id='word_1_294' title='bbox 185 4011 330 4088; x_wconf 85' lang='lat' dir='ltr'><strong>pateret;</strong></span> <span class='ocrx_word' id='word_1_295' title='bbox 353 4013 389 4068; x_wconf 91' lang='lat' dir='ltr'><strong>ut</strong></span> <span class='ocrx_word' id='word_1_296' title='bbox 412 4025 511 4089; x_wconf 88' lang='lat' dir='ltr'><strong>porro</strong></span> <span class='ocrx_word' id='word_1_297' title='bbox 534 4015 648 4075; x_wconf 83' lang='lat' dir='ltr'><strong>mutua</strong></span> <span class='ocrx_word' id='word_1_298' title='bbox 671 4009 752 4071; x_wconf 83' lang='lat' dir='ltr'><strong>iuter</strong></span> <span class='ocrx_word' id='word_1_299' title='bbox 771 4007 939 4092; x_wconf 71' lang='lat' dir='ltr'><strong>&#39;lboJanos</strong></span> <span class='ocrx_word' id='word_1_300' title='bbox 965 4018 1000 4075; x_wconf 86' lang='lat' dir='ltr'><strong>et</strong></span> <span class='ocrx_word' id='word_1_301' title='bbox 1025 4008 1205 4077; x_wconf 64' lang='lat' dir='ltr'><strong>mense</strong></span> 
     </span>
     <span class='ocr_line' id='line_1_38' title="bbox 114 4108 1201 4185; baseline 0.008 -17"><span class='ocrx_word' id='word_1_302' title='bbox 114 4109 289 4185; x_wconf 74' lang='lat' dir='ltr'><strong>presentis</strong></span> <span class='ocrx_word' id='word_1_303' title='bbox 317 4108 398 4175; x_wconf 85' lang='lat' dir='ltr'><strong>belli</strong></span> <span class='ocrx_word' id='word_1_304' title='bbox 424 4108 585 4175; x_wconf 82' lang='lat' dir='ltr'><strong>adversus</strong></span> <span class='ocrx_word' id='word_1_305' title='bbox 612 4109 753 4177; x_wconf 86' lang='lat' dir='ltr'><strong>Rutulos</strong></span> <span class='ocrx_word' id='word_1_306' title='bbox 780 4116 814 4177; x_wconf 87' lang='lat' dir='ltr'><strong>et</strong></span> <span class='ocrx_word' id='word_1_307' title='bbox 841 4117 1025 4180; x_wconf 83' lang='lat' dir='ltr'><strong>ceterorum</strong></span> <span class='ocrx_word' id='word_1_308' title='bbox 1056 4112 1201 4179; x_wconf 76' lang='lat' dir='ltr'><strong>bellorum</strong></span> 
     </span>
    </p>
   </div>
   <div class='ocr_carea' id='block_1_3' title="bbox 0 0 1346 4686">
    <p class='ocr_par' dir='ltr' id='par_1_5' title="bbox 0 0 1346 4686">
     <span class='ocr_line' id='line_1_39' title="bbox 0 0 1346 4686; baseline 0 0"><span class='ocrx_word' id='word_1_309' title='bbox 0 0 1346 4686; x_wconf 95' lang='lat' dir='ltr'><strong> </strong></span> 
     </span>
    </p>
   </div>
  </div>
 </body>
</html>
