2664 4686
1250 40 1254 211 l

112 440 460 524 ‘Autsiquisposita
476 442 577 526 juxta
594 441 687 508 sedet
705 428 1204 524 AEacmmnalnmeu‘uffi
1252 434 1254 439 ¹

112 546 255 611 vindicet
276 561 356 606 ossa
376 542 455 626 pila'
481 542 532 629 (h.
556 549 614 608 aut
634 545 791 627 quaesitor
814 546 859 609 ab
880 565 924 610 00
948 552 1056 615 extra·
1072 548 1204 615 ordhfl

112 646 210 709 datus
226 651 406 727 cognoscat
418 644 460 708 de
472 664 545 709 me:
569 644 666 729 ‘pila
678 644 805 710 sortita'
826 646 868 711 de
882 648 1058 713 sortium
1066 649 1204 733 jndic-

111 749 214 823 facta,
229 747 306 830 pilis
320 747 354 811 in
368 766 482 810 urnam
503 746 672 830 conjectis.
725 744 932 812 ‘Vindicare
953 749 991 811 in
1011 749 1108 815 ossa’
1128 753 1204 817 inso-
1252 798 1254 831 ;

109 849 212 913 lenter
235 846 371 926 dictum,
391 853 427 912 ut
450 848 518 911 alia
541 867 563 910 a
587 844 790 931 Propertio).
845 847 1057 915 ‘Assidcant
1079 851 1203 935 littam
1251 834 1254 895 !

108 949 211 1033 juxta
235 948 363 1013 Minoia
388 948 492 1028 sella3
525 954 559 1012 ct
583 947 800 1023 Eumenidum
825 949 950 1014 intento
976 952 1081 1016 turba
1104 973 1205 1018 severa

34 1134 39 1139 Ι
112 1050 206 1114 foro?
247 1050 337 1135 (Sint
351 1070 537 1115 assessores
551 1050 666 1114 iratres
680 1049 955 1116 Rhadamanthus
970 1058 1004 1115 et
1023 1052 1158 1119 Minos:
1184 1055 1203 1119 t

37 1146 42 1153 '
112 1152 195 1217 tuit:
218 1155 228 1185 ‘
244 1150 403 1218 Assideat
416 1152 525 1230 irater,
544 1152 644 1236 juxta
667 1156 701 1215 et
725 1151 855 1217 Minoia
866 1153 973 1231 sella,’
995 1174 1046 1220 sc.
1070 1157 1127 1233 sit,
1140 1161 1203 1231 stet,

113 1276 175 1339 pro
190 1256 265 1339 ipso
285 1250 427 1336 Minoi).
481 1253 585 1319 Porro
605 1252 778 1331 Quaesitor
798 1251 923 1333 Minos,
937 1256 1112 1321 sortitione
1128 1257 1204 1341 judi·

114 1377 192 1421 cum
215 1356 317 1433 iacta,
341 1361 351 1388 ‘
368 1356 521 1419 silentum
536 1353 720 1420 Concilium
733 1354 853 1432 vocat:
874 1355 929 1420 die
941 1355 1034 1421 dicto
1047 1357 1132 1422 citat
1144 1375 1206 1421 reos

113 1458 159 1525 ad
169 1456 447 1542 judicium(oons.
462 1455 678 1535 Var.1ect.),
701 1460 712 1490 ‘
728 1456 881 1541 uitasque
893 1462 929 1522 et
941 1457 1085 1521 cdmim
1096 1455 1206 1535 discit'

115 1562 228 1626 audita
239 1561 408 1642 utriusque
421 1559 528 1642 partis
543 1559 699 1624 orah'one.

158 1662 237 1727 Jam
252 1658 514 1724 Rhadamanthus
535 1662 633 1744 longe
655 1662 722 1727 alio
743 1662 820 1727 loco
843 1681 884 1727 uc
904 1661 1008 1729 modo
1021 1664 1207 1728 mustum

115 1772 166 1828 cst
179 1767 214 1828 in
227 1765 388 1843 Tartar03
419 1783 484 1827 non
507 1768 576 1827 tam
594 1763 700 1847 judex
714 1769 773 1829 aut
784 1765 1013 1846 machinatus,
1034 1765 1097 1848 qui
1110 1783 1209 1850 qw-

116 1867 241 1930 tioncm
254 1869 397 1942 exercet,
409 1870 446 1928 et
456 1883 577 1927 causas
593 1865 754 1948 capitales
767 1864 999 1948 persequitm
1031 1872 1071 1931 ut
1085 1864 1210 1943 11100ος

117 1966 175 2029 sed
189 1966 247 2048 qui
260 1964 520 2030 Triumvirorum
537 1965 733 2048 capitalium
753 1984 846 2031 mora
868 1966 1050 2032 0001001100
1069 1967 1212 2051 judium

116 2068 300 2151 exeqrdtm,
321 2066 521 2150 supplicium
543 2067 655 2143 sumit,
678 2072 712 2131 et
732 2066 822 2132 idem
843 2067 887 2131 da
909 2065 1077 2133 interioris
1100 2067 1213 2133 ordinis

115 2168 314 2245 bominibus,
342 2167 432 2243 furti,
463 2166 689 2247 grassationis,
722 2166 900 2248 sacrilegii,
931 2166 998 2233 reis
1030 2167 1213 2250 cognosc&

114 2273 231 2354 itaque
245 2270 333 2334 idem
347 2274 508 2333 tormenta
522 2267 668 2344 adhibet,
677 2269 840 2332 scelerum
851 2268 1024 2332 convictae
1038 2269 1215 2350 quatiant

118 2370 254 2434 admota
275 2369 371 2434 fateri
396 2370 486 2451 cogit
507 2369 637 2432 occulto
652 2373 860 2451 perpetrata:
890 2386 924 2432 v.
939 2368 1006 2433 566
1029 2368 1217 2435 ‘Gnostius

118 2471 192 2535 haec
221 2470 494 2534 Rhadamanthus
522 2470 623 2533 habet
651 2467 831 2532 durissima
862 2487 975 2551 regua,
1004 2466 1217 2552 Castigatque

117 2572 275 2653 auditque
288 2569 395 2645 dolos,
411 2570 599 2650 subigitque
613 2570 717 2646 fateri,
742 2568 831 2647 Quae
853 2571 930 2654 quis
954 2569 1050 2653 apud
1071 2588 1218 2653 superos,

118 2671 206 2734 furto
233 2671 365 2733 laetatns
393 2669 496 2743 inani,
523 2668 661 2732 Distulit
688 2671 723 2733 in
753 2689 861 2734 seram
889 2671 1071 2737 commissa
1090 2671 1219 2755 piacula

119 2768 278 2834 mortem!

110 276 198 341 4230
457 260 460 264 ’
520 292 720 345 nxcuasus
742 294 799 347 ιι.

165 2870 290 2935 lisdem
308 2869 479 2955 judicibus
497 2872 587 2952 apud
610 2870 740 2938 Interos
756 2872 814 2936 alii
827 2873 921 2938 alitcr
934 2875 987 2939 usi
1001 2881 1099 2954 ermt3
1130 2895 1221 2941 nemo

120 2973 254 3038 liberius
268 2972 461 3038 Lucianoin
470 2971 614 3057 Cataplo
630 2981 664 3039 et
676 2975 768 3039 alibi.
807 2973 965 3039 Proxime
980 2976 1024 3041 ad
1038 2976 1220 3053 Maronem,

121 3082 158 3141 ut
180 3080 291 3140 tumen
315 3070 475 3159 Principis
497 3070 634 3136 Romani
660 3075 863 3161 coguitionem
889 3077 1073 3157 adumbret,
1099 3079 1221 3147 Statius

121 3176 227 3241 Theb.
255 3177 395 3254 v111,21
418 3196 470 3258 sq.
493 3176 620 3240 ‘Forte
641 3176 759 3241 sedens
782 3177 893 3241 media
914 3181 1005 3259 regni
1027 3181 1171 3245 infelicis
1190 3181 1221 3245 in

122 3298 200 3343 arca
228 3278 311 3342 Dux
338 3276 435 3341 Erebi
463 3278 608 3361 populos
638 3281 799 3361 poscebat
827 3280 966 3344 crimina
992 3282 1222 3348 vira-sunt

124 3377 235 3442 Furiae
257 3380 380 3441 circum
393 3378 561 3461 variaeque
584 3400 627 3443 ex
651 3380 765 3446 ordino
781 3379 918 3458 Mortes,
934 3380 1107 3467 Saevaque
1120 3383 1221 3449 multi·

124 3497 224 3543 sonas
247 3485 380 3542 exercet
403 3479 511 3543 Poena
534 3481 678 3544 catenas’
699 3484 872 3565 (tanquam
885 3484 1108 3566 apparitores,
1124 3483 1222 3553 carni·

124 3578 214 3655 ficas,
229 3580 316 3643 servi
329 3578 481 3663 publici).
535 3585 544 3613 ‘
561 3581 647 3646 Fata
667 3582 772 3664 serunt
784 3584 913 3647 animas
926 3588 959 3647 ct
972 3584 1093 3649 cadom
1108 3586 1223 3669 pollice

124 3679 289 3746 damnant’
310 3682 440 3759 (Parcae
466 3703 495 3747 s.
519 3687 624 3768 Μοῖραι
650 3692 808 3749 accusant
829 3691 867 3771 ἥ
885 3687 1017 3768 rapiunt
1039 3687 1172 3755 animas
1184 3682 1228 3751 01·

123 3783 265 3848 tribunal
287 3782 449 3863 Plutonis,
473 3792 505 3849 et
531 3786 741 3850 accusatione
767 3806 829 3851 sua
848 3785 1173 3879 moveutjudicem,
1192 3790 1225 3851 ut

124 3904 200 3950 reos
223 3883 432 3950 condemnet:
467 3886 617 3969 ‘pollex’
638 3887 827 3952 referendus
851 3888 895 3953 ad
923 3888 1051 3970 gestum
1077 3889 1223 3955 dicende.

127 3987 249 4066 Notus,
271 3987 434 4052 ‘infestus
458 3986 608 4072 pollen').
665 3987 914 4087 ‘Vincitppus’
936 3990 1160 4066 (incredibilis
1180 3991 1225 4054 eat

126 4107 299 4157 causarum
323 4090 520 4171 multitudo).
573 4089 705 4157 ‘Juxta
726 4088 842 4157 Mnus
862 4111 939 4163 cum
962 4089 1066 4159 traua
1088 4090 1224 4167 vaeniit
