2664 4686
107 302 197 370 4184
525 313 728 369 axonam
748 315 791 369 ιι.
824 360 827 365 .
855 330 864 355 ·-

107 484 160 552 eu·
202 377 1249 548 swexfirmmoetwviuilioenmoews

109 565 198 651 apud
213 565 361 630 Pausau.
385 581 436 642 ιν,
458 564 514 643 84,
541 563 698 650 Dryopes
710 564 820 630 victos
834 565 879 629 ab
893 563 1046 631 Hauuh
1061 564 1210 650 Babba·

108 667 270 734 abductos
293 672 327 731 et
345 664 495 750 Apollini
518 666 659 730 devotos
680 665 796 745 fuisse,
820 671 865 751 τῷ
888 663 1052 731 ’Anam
1083 665 1209 749 aa*

107 770 235 854 ἤχθησαν
255 771 282 842 ἒς
296 766 436 843 Διλῴοός.
490 768 569 833 Hoc
581 774 615 832 ei
627 767 761 833 Servius
774 769 894 836 habet:
925 772 937 804 ‘
949 768 1002 834 Hi
1022 771 1154 855 poplffi,
1166 770 1207 834 ab

110 871 253 937 Hercule
266 871 361 948 victi,
376 869 525 954 Apollini
539 872 653 935 donati
666 890 741 936 eme
764 870 937 938 dicuntrrr?
991 871 1048 938 Ex
1072 873 1141 938 Dei
1160 880 1204 940 la·

108 993 184 1038 rnen
195 991 355 1055 responso
370 973 414 1036 ab
429 971 578 1036 Hercule
592 974 627 1037 in
641 971 906 1057 Peloponnesum
918 973 1053 1040 deducti
1065 975 1205 1058 primum

108 1073 234 1139 Asinen
261 1072 443 1158 Argolidis,
471 1093 552 1138 mox
580 1071 705 1139 Asinen
731 1074 913 1142 Messeniae
937 1082 1157 1161 occuparunt,
1175 1082 1206 1138 et

109 1175 258 1260 Apollini
273 1194 314 1240 ac
330 1174 457 1260 Dryopi
473 1173 639 1259 Apollinis
651 1177 677 1241 s·
690 1178 815 1262 templa
829 1177 979 1243 dicarunt
991 1178 1117 1260 insigni
1137 1176 1205 1242 rell-

110 1280 219 1363 gione.
254 1277 396 1344 Videtur
409 1280 506 1360 igitur
520 1282 563 1344 ab
578 1279 693 1363 aliquo
706 1280 810 1365 polita
822 1280 974 1346 traditum
987 1279 1075 1345 sorte
1088 1285 1125 1345 et
1136 1279 1205 1356 hoc,

108 1381 275 1448 mansisse
295 1380 385 1465 apud
412 1379 558 1463 Delphos
579 1381 735 1467 Dryopes
756 1382 929 1447 nomnllos
951 1382 1039 1447 irner
1056 1395 1132 1461 σοι,
1153 1382 1205 1465 qui

111 1501 209 1550 sacra
221 1489 383 1562 ment,
395 1490 434 1548 ut
443 1481 542 1548 modo
556 1484 598 1548 do
610 1482 823 1562 Cretarsibus
837 1484 991 1550 vidimus.
1045 1482 1207 1548 'l'raduxit

111 1584 345 1652 aumatho's
368 1584 688 1651 atillosadDelum
710 1584 1207 1669 snampoiitapaulollcentias.

110 1687 160 1752 At
174 1685 349 1773 Agathyrsi
361 1688 492 1770 proprie
507 1685 631 1750 Delum
654 1691 816 1770 specum
866 1684 961 1750 Nam-
980 1687 1031 1750 uti
1054 1683 1209 1751 Gallina

112 1789 195 1863 chus
207 1785 416 1870 Arimaspos,
441 1787 490 1850 ita
516 1786 616 1851 Maro
632 1785 834 1872 Agathyraos
848 1805 911 1871 pro
928 1783 1142 1874 Hyperboreis
1152 1806 1208 1873 po·

112 1890 188 1964 suit,
210 1906 351 1971 qnorum
371 1884 469 1971 aaa
483 1906 542 1950 seu
562 1888 684 1970 legatio
696 1906 796 1953 sacra
808 1888 852 1953 ad
867 1887 986 1953 Delios
998 1907 1055 1952 res
1066 1895 1122 1955 est
1132 1890 1210 1954 sada

111 1996 202 2056 uota.
254 1986 345 2053 Vide
357 1989 411 2051 vel
427 1985 566 2051 Gesnen
581 1986 736 2052 Praeleot.
761 2004 791 2052 ιι
816 1988 859 2053 de
880 1990 1028 2073 navigat.
1048 1996 1146 2055 axba
1157 2008 1209 2057 oa·

111 2094 214 2158 lumu.
229 2089 332 2156 Herc.
352 2096 387 2154 et
403 2089 469 2154 loc.
491 2088 593 2154 class.
608 2087 804 2155 Callimach-
817 2091 853 2154 iu
868 2090 944 2155 Del.
957 2089 1024 2156 ael
1037 2108 1117 2175 sqq.
1155 2088 1212 2155 Ad

112 2195 303 2280 Scythicum
317 2210 436 2257 nomeu
453 2191 561 2256 rebrlit
584 2192 670 2256 adeo
693 2192 932 2277 Hyperboreos
949 2192 1119 2276 Virgillus
1138 2210 1211 2258 m

113 2294 318 2360 Callimacho
335 2300 369 2358 et
389 2294 475 2370 aliis,
499 2296 561 2358 etsi
585 2314 607 2359 a
631 2292 828 2360 Graecorum
854 2293 898 2358 ad
922 2293 1162 2379 Boanum
1181 2296 1213 2359 et

112 2399 253 2463 Tanaim
268 2399 408 2462 coloniis
420 2394 533 2483 θεωρίας
546 2398 630 2462 istas
643 2397 775 2461 venisse
788 2397 959 2479 probabile
973 2397 1028 2461 sit.
1083 2392 1211 2459 Altaria

114 2500 229 2563 circum
243 2506 319 2563 sunt
332 2500 423 2564 chori
437 2497 558 2574 zanua,
575 2497 616 2561 de
630 2498 749 2581 quibus
763 2516 796 2561 v.
811 2495 915 2580 luttp.
931 2496 975 2561 ad
989 2495 1124 2561 Gallim.
1148 2496 1171 2561 l.
1184 2516 1212 2563 o·

114 2622 146 2666 V.
169 2601 244 2667 313.
267 2601 329 2685 τις]
352 2600 448 2679 βωμὸν
469 2602 568 2664 eiiam
592 2598 749 2683 Apollon.
769 2598 844 2667 1..οο
865 2598 925 2663 llb.
942 2614 968 2676 l,
990 2597 1068 2664 538.
1120 2595 1213 2676 Qum

115 2703 252 2766 Servius
276 2721 321 2764 ex
344 2700 488 2764 Melisso
508 2700 734 2766 Grammatico
749 2697 1081 2779 Achabusmemorat,
1103 2697 1214 2781 ’Aahx

115 2801 262 2866 emenda.
314 2800 443 2865 Versus
455 2801 530 2866 147.
545 2802 620 2868 148.
636 2804 701 2869 149
725 2802 877 2886 inprimis
899 2803 1005 2867 ornati
1025 2801 1070 2867 da
1090 2819 1213 2868 corona

114 2905 239 2982 laurea,
255 2890 340 2968 vitta
353 2922 465 2982 aurea,
481 2912 514 2969 et
527 2906 690 2988 pharetra.
733 2903 912 2988 Argutatur
925 2909 960 2968 et
973 2903 1010 2968 in
1022 2904 1056 2967 h.
1070 2904 1095 2968 l.
1111 2903 1213 2988 Spen-

115 3006 190 3071 cius
214 3005 303 3071 Dial.
329 3021 397 3069 vnr
422 3012 456 3071 et
478 3006 609 3090 politam
635 3006 735 3071 modo
758 3005 801 3070 ad
824 3003 993 3088 Apollinis
1013 3002 1213 3070 Vaticanum

114 3108 243 3191 signum
268 3107 366 3173 modo
382 3108 425 3172 ad
440 3106 624 3191 Augustum
638 3107 803 3190 respicere
817 3104 899 3170 vult.
951 3101 1060 3182 Quod-
1075 3102 1214 3184 Quintil.

117 3225 200 3286 vul,
223 3209 256 3286 3,
285 3210 329 3273 73
354 3210 444 3273 circa
466 3207 551 3273 hanc
577 3208 857 3291 comparationem
879 3211 999 3282 monet,
1026 3225 1050 3269 a
1071 3206 1214 3290 postica

115 3310 255 3373 visionis
269 3309 366 3389 genio
380 3310 521 3373 alienum
534 3315 594 3374 eat.
638 3312 648 3341 ‘
664 3308 774 3373 Debet
787 3309 887 3385 enim,
901 3306 993 3390 quod
1012 3307 1213 3373 illusumoa

116 3411 250 3474 alterius
269 3409 318 3472 rei
338 3411 442 3491 gratia
464 3411 652 3488 assumitur,
673 3414 783 3495 ipsum
805 3428 879 3473 ease
901 3408 1024 3473 clarius
1047 3428 1102 3487 eo,
1124 3408 1214 3494 quod

116 3510 287 3575 illuminat.
343 3509 455 3589 Quare
476 3533 555 3577 sane
577 3513 687 3597 politis
713 3513 847 3596 quidem
860 3511 1217 3596 permittamushajus·

116 3611 206 3676 modi
221 3614 397 3695 exempla:
430 3612 576 3692 ‘Qualis
598 3615 656 3678 ubi
677 3615 854 3698 hybemam
869 3610 920 3676 L!
963 3610 1043 3676 Non
1057 3612 1149 3678 idem
1162 3613 1216 3677 da·

117 3718 389 3794 cebitoratorcm,
403 3724 441 3782 ut
465 3719 606 3784 occultis
628 3724 743 3802 aperta
756 3713 973 3781 demonstret!
1027 3713 1223 3791 himma.

117 3820 161 3884 ad
187 3818 353 3903 poeticam
376 3823 548 3899 rationem,
577 3822 773 3905 phantasma
794 3818 876 3883 illud
900 3816 1071 3901 Apollinis
1095 3817 1216 3882 Delum

116 3922 267 3987 adeuntis
277 3930 327 3986 est
340 3925 422 3986 iuter
435 3925 574 4001 notiora,
589 3928 622 3987 et
635 3940 727 4006 saepe
743 3921 776 3984 in
789 3920 919 4003 hymnis
938 3917 1082 4000 allisque
1096 3918 1215 3983 carmi-

116 4025 213 4088 nibus
226 4025 441 4109 srequentata.
486 4024 595 4090 ‘Tela
619 4026 735 4089 sonant
757 4018 910 4086 humeris’
932 4019 1001 4084 vim
1023 4018 1216 4102 adjunctam

116 4141 180 4187 uon
193 4127 324 4208 babent,
338 4146 416 4212 queso
428 4131 498 4198 orat
512 4127 546 4194 irr
556 4124 653 4193 Iliad.
666 4133 704 4207 A,
715 4125 770 4204 lo,
783 4123 944 4212 pertinere
954 4124 1065 4187 nmen
1080 4120 1126 4186 ad
1138 4137 1215 4186 coa·
