2664 4686
542 344 795 402 ARGUMENTA?

583 542 758 591 SECUNDL

121 642 318 710 Conticuere
333 664 456 723 omues,
470 644 646 728 intentique
660 664 718 708 ore
731 643 895 729 loquentis

121 737 192 810 Ora
205 751 321 812 tenent.
366 747 418 810 Ac
434 754 503 813 tum
517 746 613 811 dolus
625 739 842 811 introducitur
854 745 971 811 hostis.

121 845 165 913 Et
179 847 309 913 fatlacis
323 850 400 933 equi
414 849 609 912 damnosum
622 867 742 913 munus
756 849 791 912 in
804 849 916 924 armis,

121 947 268 1014 Perfidia
281 958 443 1034 notusque
457 951 574 1027 Sinon,
589 952 777 1033 amissaque
789 950 925 1035 conjux.

120 1049 188 1114 Per
199 1051 325 1116 medios
339 1054 429 1135 ignes
444 1053 576 1117 ablatus
589 1070 746 1137 saevaque
761 1053 830 1117 tela

120 1149 294 1232 Anchises,
309 1155 399 1218 oneri
413 1154 521 1218 facilis
534 1156 657 1239 pietate
669 1154 811 1219 ferentis.

600 1334 742 1384 suurn.

120 1436 304 1521 Postquam
320 1457 372 1502 res
387 1435 494 1515 Asiae,
509 1437 718 1522 disjectaque
731 1436 857 1503 muenia
870 1435 999 1522 Trojae:

121 1539 211 1603 Dant
224 1540 343 1622 pelago
358 1540 495 1618 classes
512 1539 670 1624 Polydori
684 1539 799 1604 funera
813 1538 956 1618 discunt,

119 1639 233 1723 Atque
249 1639 368 1704 Heleni
382 1647 561 1726 praecepta,
576 1642 674 1706 fidem
688 1643 743 1706 cui
757 1641 880 1705 fecerat
893 1659 993 1704 usus:

120 1736 208 1819 Quae
223 1761 291 1806 nun
305 1763 460 1808 accessus
474 1746 529 1809 via
543 1745 587 1808 sit
599 1743 765 1821 tentanda,
781 1741 950 1826 Cyclopas

119 1841 164 1906 nt
177 1841 298 1928 scynae
312 1846 468 1910 taurese
481 1843 814 1920 ineluctabilisunda,
892 1827 895 1838 '

119 1942 312 2029 Errorisque
323 1947 423 2010 maris
436 1946 531 2011 labor
545 1946 580 2010 in
594 1946 753 2010 contraria
769 1962 896 2010 versus.

590 2124 748 2186 Qunam.

117 2227 165 2292 At
179 2227 321 2312 Regina,
335 2230 427 2313 gravi
441 2224 558 2312 pectus
572 2248 737 2294 succensa
751 2228 877 2306 dolore,

116 2327 222 2393 Ardet
234 2349 345 2394 amore
360 2330 441 2409 viri3
464 2329 614 2394 clausum
627 2335 801 2393 veneratur
814 2347 971 2406 amorem,

117 2429 273 2512 Dumque
288 2431 390 2513 capit,
407 2432 547 2514 capitur,
563 2431 674 2508 sentit,
688 2447 774 2513 quos
790 2429 968 2513 praebuits
958 2444 1050 2512 ignes
1157 2479 1161 2497 .

116 2529 260 2610 AEneas3
284 2532 384 2596 altum
398 2532 501 2595 sociis
515 2536 548 2594 et
561 2531 669 2594 classe
683 2530 811 2615 petivit.

115 2629 297 2696 Exstructa
311 2633 439 2716 Regina
453 2653 537 2717 pyra
549 2634 785 2717 penetralibus,
799 2632 903 2697 instat

116 2730 227 2797 Morte
242 2732 352 2816 fugam
366 2742 537 2818 praestare.
582 2732 690 2799 Morae
706 2752 766 2798 nec
781 2732 991 2798 defuitbura.

596 2912 743 2972 curum.
793 2888 795 2893 ’

117 3012 249 3080 Interea
261 3014 405 3079 medium
419 3015 544 3079 AEueas
557 3013 713 3077 tendebat
726 3013 760 3077 in
775 3033 902 3096 aequor,

116 3115 248 3181 Maenia
262 3119 443 3200 respiciens
456 3135 560 3181 causa
574 3115 749 3196 flagrantia
762 3116 894 3178 amoris

115 3214 202 3280 Mox
217 3216 339 3282 Sicuiae
354 3223 441 3281 tenet
455 3237 536 3282 arva
550 3217 681 3294 domus,
697 3214 882 3298 Manesque
896 3215 1041 3299 parentis

115 3317 285 3382 Ludorum
301 3320 450 3402 exequiis
466 3319 622 3383 celebrat.
668 3314 801 3394 Quibus
815 3316 945 3382 additur
960 3315 1037 3395 Iris,

114 3415 156 3481 Iu
169 3417 288 3483 faciem
304 3418 429 3485 Berues
445 3420 585 3483 classem
601 3416 770 3481 flammare
780 3416 939 3501 jubentis,

112 3519 136 3584 J
138 3539 281 3586 monem
295 3523 431 3585 mentita
446 3519 535 3585 doto.
581 3519 737 3603 Namque
751 3520 811 3584 illa
824 3522 987 3586 monebat.
1175 3518 1219 3581 30

615 3695 721 3744 NOTAE

147 3815 179 3861 18
195 3811 257 3862 Vid.
268 3811 326 3862 AEn.
337 3825 381 3862 111.
391 3815 450 3862 tau.
460 3815 517 3861 tto.
529 3815 577 3860 088
589 3825 646 3874 sqq.
687 3808 731 3857 nia
743 3806 886 3867 redhibitu;
897 3819 945 3870 pru
954 3803 1017 3869 fuga
1025 3801 1146 3854 redhibet
1155 3816 1221 3852 mnr-

145 3889 179 3936 2⁴
197 3886 314 3937 obscura
337 3888 452 3946 dictunu
476 3891 592 3949 prestare
604 3885 646 3944 su·
686 3891 749 3935 tem.
782 3884 866 3949 ldqne
885 3883 930 3933 illa
950 3883 1006 3933 uine
1026 3893 1097 3931 mure
1110 3887 1221 3929 executa

108 3968 255 4025 mnam
274 3979 331 4013 ease
352 3964 453 4013 videtur
468 3976 647 4026 compensare,
687 3968 737 4010 est.

110 4041 199 4089 lucre:
218 4039 336 4103 fugiente
349 4040 430 4089 AEuea
448 4039 527 4087 muri:
546 4041 647 4087 scivere
719 4041 753 4086 ³⁰
777 4035 819 4086 An
839 4036 976 4098 insaciata
997 4033 1220 4086 emb-sumu

110 4116 301 4182 quasipoeuam
321 4123 413 4166 morte.
448 4116 513 4165 Nam
530 4119 647 4178 praedare
688 4113 849 4164 matutcdoto.

110 4198 154 4242 est
164 4191 276 4254 scivere,
288 4205 425 4256 exaequare
436 4204 560 4240 summam
571 4203 649 4254 pecu·
