2664 4686
110 305 204 372 &aa
541 310 788 370 excursum.
847 344 850 349 -

112 489 181 554 qna
194 465 331 552 quidem
351 484 386 530 re
408 464 547 530 vanitati
561 465 677 529 horum
689 464 863 530 homimum
870 469 1030 551 tanqum
1053 466 1121 534 oie
1142 464 1220 535 auur

112 567 366 651 solent,qnibua
389 566 438 630 iili
461 566 771 631 evolentessumma
787 566 1018 650 ingeniainire
1042 588 1084 634 se
1107 571 1221 655 ponite

112 680 148 738 et
169 671 260 736 humi
283 669 431 753 repentia
454 668 624 754 despectui
647 670 800 736 habeant.
857 667 984 748 Quidni
1007 672 1099 736 enim
1119 670 1217 756 pnite

112 773 253 836 AEneam
268 771 431 835 educebat
453 770 595 835 ‘eadem
609 777 717 854 porta,
741 791 809 855 qua
831 791 926 855 purae
946 766 1128 838 mimae'm
1148 790 1225 838 our·

111 893 197 959 pora
209 891 300 937 nova
314 879 391 937 sunt
404 873 544 938 exiturae
554 872 579 936 ‘t'
612 871 718 958 Cujus
739 879 846 956 portas
869 875 1003 939 omnino
1022 874 1120 961 nulia
1132 873 1212 939 inuia

111 980 164 1040 est
175 975 307 1039 mentio.
351 972 454 1058 Atqui
470 972 569 1038 Plato
587 992 629 1037 ea
652 975 687 1038 in
707 993 741 1038 re
764 973 928 1056 figmentis
942 976 1015 1039 suis
1027 976 1151 1060 praeire
1159 994 1221 1060 po».

111 1081 206 1141 terat.
260 1074 331 1141 Ant
344 1076 374 1140 si
389 1074 473 1139 duas
487 1080 602 1158 portas
615 1093 892 1139 commemorasse
904 1094 992 1159 opna
1006 1081 1093 1155 erat,
1105 1074 1209 1161 qumi

109 1177 189 1244 illua
199 1176 324 1263 piorum
339 1177 391 1241 vel
405 1174 570 1261 impiorum
585 1175 737 1241 Manium
750 1176 856 1240 exitui
871 1176 1082 1259 destinabat3
1102 1176 1167 1244 iere
1177 1180 1207 1240 nt

106 1279 169 1366 pio
189 1286 224 1346 et
246 1277 344 1364 impia
360 1277 490 1356 somnio,
513 1280 546 1343 h.
560 1296 591 1342 e.
614 1278 761 1356 umbras,
775 1284 935 1344 memorat
948 1277 1106 1362 Propert
1121 1294 1166 1356 ιν,
1176 1279 1204 1356 7,

112 1382 156 1448 87
170 1401 246 1466 sqq.
298 1381 354 1445 lta
366 1400 498 1464 quoque
513 1379 627 1444 Valet.
645 1380 698 1445 Fi.
716 1397 742 1459 r,
757 1380 823 1446 833
836 1400 888 1465 sq.
911 1379 997 1444 duas
1009 1386 1125 1464 porea
1137 1377 1204 1443 Orci

112 1483 204 1562 inuit,
219 1502 357 1567 quarum
370 1483 570 1564 nnavulgns
585 1482 777 1559 animarum,
803 1480 908 1545 altera
931 1480 992 1563 pii,
1020 1479 1068 1544 ad
1093 1477 1204 1545 luem

113 1582 325 1649 desoendnnt.
377 1582 518 1646 Homeri
542 1600 674 1664 quoque
697 1580 773 1647 duae
796 1587 903 1665 porte
928 1582 961 1645 in
985 1580 1203 1666 Nympharum

113 1691 208 1748 antro
223 1683 345 1767 Odyss.
360 1692 401 1760 Ν,
416 1684 482 1748 109
503 1702 591 1767 sqq„
606 1683 710 1749 altera
724 1682 767 1747 ad
788 1683 931 1748 Boream
943 1701 1051 1763 versa,
1067 1689 1103 1748 et
1114 1682 1204 1747 honi·

112 1785 212 1849 nibns
245 1785 464 1867 frequentata,
493 1786 596 1850 altera
623 1785 667 1850 ad
696 1784 868 1863 Austrum,
905 1791 940 1850 et
976 1785 1057 1850 Diis
1092 1791 1202 1850 tantm

113 1884 275 1962 admnda,
295 1904 402 1958 novas
415 1904 522 1950 rerum
536 1885 698 1968 imagines
712 1886 873 1972 subjicere
890 1886 1043 1970 potuisse
1056 1885 1201 1951 viderim.

115 1983 183 2049 Sed
198 1985 283 2050 suti}
293 1985 338 2051 th
349 1986 413 2066 ΝΒ,
426 2005 467 2052 ne
490 1993 525 2053 et
546 1988 614 2071 ipsi
635 1983 700 2073 ὄναρ
724 1989 757 2052 δι’
781 1986 927 2073 ὃλίφαπος
943 1988 1076 2065 ἃληλυθὸς
1088 2001 1213 2053 mm

114 2086 304 2152 videamur.¹

525 2356 804 2370 *a*

453 2605 804 2682 EXCURSUS
841 2605 878 2680 Ι.

293 2811 409 2889 'AD
444 2823 733 2890 AENEIDOS
768 2825 880 2892 LIB.
913 2824 1000 2894 VII.

383 3071 436 3124 na
453 3070 585 3123 arima
601 3074 645 3124 m
661 3054 795 3125 ursuni
813 3074 947 3124 cruens.
1084 3149 1088 3156 Ι

118 3209 196 3280 Lru.
214 3230 280 3294 vn,
295 3217 327 3280 1.
341 3218 364 3281 ‘2
385 3219 396 3251 ‘
411 3217 465 3281 Tu
487 3238 620 3303 quoque
641 3219 805 3283 littoribus
818 3220 948 3299 nostrie,
963 3220 1087 3288 AEneia
1098 3224 1206 3298 nutrix,

115 3318 285 3383 AEtemam
306 3319 449 3382 moriens
472 3319 607 3397 samam,
633 3319 760 3397 Caieta,
787 3320 1003 3388 dedisti-10
1034 3314 1209 3391 ‘Proxime

115 3416 256 3484 Circaeae
268 3415 422 3483 roduntur
435 3420 544 3484 littora
558 3420 664 3485 terrae’
685 3425 748 3486 eto.
794 3421 880 3486 Cum
901 3423 1078 3506 virgiliani
1103 3429 1222 3494 carmi·-

115 3520 166 3583 niu
179 3521 381 3603 praestantia,
396 3522 497 3587 etiam
511 3524 705 3588 inventionis
719 3524 804 3602 laus,
827 3526 978 3609 inprimis
1003 3528 1038 3591 in
1061 3529 1211 3597 doctrinm

608 3706 722 3760 NOTA.

148 3831 157 3859 ¹
176 3827 259 3879 Penio
276 3831 395 3883 licentius
413 3848 455 3883 me
473 3834 533 3884 mihi
553 3835 578 3884 in
596 3837 647 3887 Ex·
687 3837 775 3888 iudea
790 3853 871 3902 puero
881 3839 1018 3892 detinuere
1029 3839 1216 3906 dirpntntioou

51 3943 57 3955 ,
114 3903 232 3955 turribus
242 3906 315 3971 hujus
325 3909 383 3959 libri
399 3909 533 3960 indulsisse
547 3918 575 3961 et
587 3926 646 3962 non·
686 3915 736 3962 iiie
749 3921 865 3964 veterum
876 3915 910 3970 de
926 3915 1005 3969 rebna
1020 3916 1120 3979 inferis,
1129 3915 1218 3982 etopi

113 3981 186 4030 uella
206 3982 375 4033 lrrxnriantius
394 3992 558 4048 persecutum
578 4002 645 4050 esse,
686 3992 803 4043 nationes
814 3992 849 4042 de
859 3991 902 4057 lis,-
913 4008 973 4060 qun
987 4002 1165 4060 postmortem
1176 3993 1217 4045 ob·

113 4054 446 4125 inbenngnorco,rjnrqne
456 4061 494 4111 rei
502 4063 602 4112 renium
612 4062 645 4113 ab
685 4075 874 4121 ventnrnmnt.

114 4142 191 4196 aquo
208 4132 307 4186 lectore
322 4137 434 4199 postulo.
475 4137 588 4190 Mirifice
604 4152 646 4190 me
