2664 4686
534 331 566 378 e.
595 328 775 381 vinorum.
1111 315 1206 383 4488
1298 339 1300 343 ¹

137 473 296 553 Virgilium
328 468 503 533 lectionibus
531 473 712 535 adhibendo.
752 474 848 552 Typis
876 475 967 534 Henr.
995 476 1143 554 Stephani.
1170 487 1198 540 8.

138 570 271 631 Sobolia·
285 569 315 629 in
338 570 464 647 margine
477 579 545 629 sunt
557 570 703 647 apposita,
724 569 848 631 maxime
862 590 898 628 en
912 569 1022 630 Servio.
1062 573 1150 632 Plura
1170 573 1199 633 in

137 666 296 725 Maronem
311 665 508 724 meditabatur
522 665 565 724 vir
579 665 708 733 (loetum¹
724 664 783 724 rid.
807 664 888 742 111186.
910 651 1009 725 Multa
1028 667 1108 728 boris·
1118 687 1199 727 com·

138 759 284 839 plectitur
296 760 493 831 Sobediarmn,
507 781 560 820 neo
573 769 671 819 tamen
686 780 775 820 noua..

92 889 138 905 -·
155 855 303 934 Virgilius.
324 857 537 926 ‘Francoiurti
552 857 713 917 ex'officinu
724 857 962 916 haeredumchr.
977 857 1158 935 Egenolpbi.’
1172 869 1200 920 8.

92 952 264 1012 -Lamb
297 953 440 1012 Hortensi.
468 952 638 1013 Montsortii
667 952 866 1012 Enarratirnres
897 953 1075 1012 doctissimae
1112 962 1202 1030 atque

140 1047 304 1108 utilissime
318 1048 347 1107 in
362 1064 429 1108 xrr.
441 1049 532 1108 libros
545 1052 578 1109 P.
594 1049 706 1126 Virgilii
721 1051 795 1110 Mar.
810 1050 957 1110 AEueidos.
991 1049 1045 1111 His
1055 1049 1203 1110 accedunt

139 1143 341 1204 Naseimbaeni
370 1145 579 1205 Nasoimbaenii
606 1146 636 1204 iu
670 1147 797 1225 priorem
832 1148 863 1206 P.
905 1146 1017 1224 Virgilii
1059 1149 1202 1224 Epopoeae

139 1248 257 1318 partem
271 1240 449 1317 explanatio,
473 1250 504 1300 et
528 1241 695 1318 christoph.
710 1240 991 1319 landini-allegoria».
1003 1241 1159 1301 Platonica
1173 1241 1203 1299 in

143 1349 215 1395 xrr.
241 1334 332 1394 libros
356 1335 501 1396 AEueidos
535 1336 698 1408 russum,
733 1356 769 1395 ex
797 1335 914 1396 officina
941 1335 1204 1414 Hemicopenina!

141 1428 198 1488 fol.
212 1430 280 1489 Vid.
299 1437 384 1501 1559.

92 1557 144 1574 --
158 1525 194 1584 lu
209 1526 241 1584 P.
266 1524 383 1604 Virgilii
401 1529 479 1587 Mar.
503 1529 645 1590 Bucolica
667 1527 882 1589 Anuotationes
907 1529 946 1586 Η.
975 1527 1088 1586 Eobaru
1117 1528 1209 1586 Hessi.

143 1625 253 1698 potitae.
280 1621 412 1682 *Scholia
425 1623 494 1682 item
509 1623 600 1682 Leon.
615 1622 783 1693 Kuluranui,
806 1622 913 1699 quibus
937 1621 1093 1680 artificium
1110 1623 1204 1698 poeti·

142 1735 217 1777 oum
237 1717 412 1795 explicatur.
447 1717 604 1777 ‘Coloniae
630 1719 753 1795 Agripp.
779 1717 817 1775 ad
843 1715 1041 1794 intersignium
1064 1718 1205 1776 Monoce-
1245 1723 1251 1736 '

141 1809 240 1877 notul
260 1821 288 1872 a.

96 1914 191 1977 1588
209 1907 244 1968 P.
269 1907 381 1984 Virgilii
407 1908 484 1967 Mar.
505 1908 657 1978 Poimata,
685 1928 752 1986 qnae
775 1917 897 1979 entant,¹
913 1911 1019 1971 omnia.
1071 1909 1206 1985 Adjeetis

144 2001 248 2080 figuris
273 2002 388 2081 egregie
415 2003 540 2082 depictis
567 2014 596 2063 et
623 2004 858 2065 doctissimorum
880 2006 1007 2067 virorum
1030 2007 1147 2066 scholiis
1168 2026 1204 2065 ac

145 2097 396 2170 annotationibus,
408 2099 513 2176 partim
528 2100 664 2170 antehae,
679 2099 790 2176 partim.
800 2118 878 2158 nuno
897 2100 1024 2176 primum
1037 2101 1205 2177 publicatis.

145 2192 354 2254 ‘Francosurti
370 2193 450 2272 apud
465 2195 577 2271 Georg.
592 2183 762 2264 Corvinum,
785 2193 922 2272 impensis
934 2195 982 2254 Jo.
998 2195 1209 2275 Feyerabendss

144 2298 180 2352 8.
221 2288 361 2367 Sequitur
372 2288 421 2348 ed.
434 2309 462 2349 a.
480 2288 568 2358 1867.

102 2383 484 2451 1580Puiu1annianarv.
504 2385 538 2443 P.
563 2383 672 2461 Virgilii
695 2383 772 2444 Mar.
786 2384 898 2462 Opera,
910 2385 1029 2446 Theoti.
1054 2388 1206 2447 Pulmauni

145 2479 251 2543 studio
270 2489 413 2542 correcta.
454 2480 538 2540 Pauli
561 2481 687 2541 bisuntii
711 2480 922 2552 annotationes,
949 2485 1006 2541 &a
1034 2487 1079 2558 (ut
1102 2468 1206 2544 in'ed.

150 2576 256 2650 1⁵6⁴.)
276 2577 454 2654 Antverpiae,
467 2595 516 2654 ap.
531 2575 709 2655 Clrristopb..
717 2578 893 2639 Plautinum.
916 2584 944 2637 8.

100 2707 149 2729 ..-
164 2671 276 2734 Aldina
300 2688 340 2733 11.
362 2693 389 2735 c.
417 2672 535 2733 scholiis
561 2673 692 2751 Mayeni.
733 2674 835 2752 Opera
861 2692 928 2732 oum
954 2674 1073 2735 scholiis
1103 2676 1171 2736 ‘lo.
1190 2697 1209 2736 a

148 2768 271 2845 Mayeu.
285 2767 423 2839 Venetiis,
437 2767 524 2845 apud
531 2766 641 2828 Aluum
650 2768 733 2829 Pauli
748 2767 798 2828 fit’
819 2779 849 2830 8.
890 2769 959 2830 Vid.
973 2789 1021 2830 an.
1039 2772 1127 2841 1576.

102 2897 151 2915 -·
165 2863 307 2925 Bucolica
329 2873 359 2922 et
381 2864 532 2940 Georgica.
549 2864 728 2941 paraphrasi.
749 2863 890 2941 exposita.
931 2868 1060 2926 Auctore
1085 2868 1209 2929 Nicolao

149 2958 314 3020 Frischliuo
344 2957 520 3019 Alemanno.
575 2958 733 3035 Tubiugae,
760 2956 840 3034 apud
867 2959 1150 3021 Alea-Hostium.
1180 2970 1209 3022 8.

97 3095 104 3107 -
151 3056 250 3124 Quam
265 3054 404 3115 rationem
427 3055 509 3132 sequi
528 3054 654 3113 voluerit
677 3055 705 3113 in
724 3053 959 3130 interpretando,
981 3056 1147 3131 expositum
1171 3058 1210 3117 ab

150 3169 189 3211 eo
204 3161 249 3208 est
262 3151 291 3209 iu
304 3150 436 3228 Epistola
450 3150 488 3208 ad
511 3151 622 3226 Georg.
647 3141 873 3209 Burckbardum
897 3147 929 3208 in
950 3149 1095 3228 Philolog.
1116 3152 1210 3229 Epist.

152 3247 333 3310 centuriae
358 3245 541 3306 bibliotheca
566 3242 703 3304 Goldaati
732 3244 880 3321 (Francos.
906 3243 992 3306 1600.
1021 3251 1063 3320 8.)
1083 3266 1114 3323 p.
1141 3256 1211 3319 279.

152 3362 217 3420 seq.

110 3448 192 3505 1581
215 3436 355 3514 Tiguriua
369 3438 556 3516 1v.,0pera,
577 3456 643 3499 cum
660 3437 785 3498 «scholiis
809 3438 1047 3507 Melanobthonis
1074 3449 1105 3500 st
1128 3442 1215 3504 alior.

151 3534 270 3613 Tiguri.
286 3543 315 3594 8.
702 3549 712 3571 ⁸

108 3665 153 3680 -
169 3628 374 3692 Bemmauiaua
390 3647 413 3691 1.
433 3631 465 3690 Ρ.
492 3630 607 3709 Virgilii
623 3633 699 3691 Mar.
714 3633 825 3710 Opera,
850 3651 917 3691 cum
933 3632 1008 3691 notis
1024 3633 1115 3710 Greg.
1129 3635 1214 3713 llere·

154 3725 243 3788 niani.
256 3725 374 3803 Lipsiae.
390 3734 418 3784 8.
432 3745 460 3785 c.
476 3724 545 3804 figg.
588 3729 762 3787 Bersmanus
778 3726 888 3785 scholia
903 3727 932 3785 in
947 3729 1105 3806 marginem
1116 3731 1214 3808 coegit

155 3822 264 3903 partim
277 3842 313 3887 ex
331 3832 401 3883 vett.
413 3833 525 3883 anuott.
550 3824 655 3902 purtim
674 3844 711 3883 ex
732 3822 898 3882 recentibus
922 3823 1026 3882 Joaeb.
1047 3825 1215 3897 camerarii,

155 3921 191 3981 P.
205 3917 344 3989 Victorii,
354 3918 427 3978 Adr.
441 3920 582 3990 Turnebi‚
595 3920 657 3980 Jos.
673 3918 821 3997 Scaligeri,
843 3920 945 3979 Germ.
967 3919 1107 3988 Valentis,
1122 3919 1214 3979 Henr.

155 4014 309 4092 Stephani,
336 4014 398 4075 Ob.
424 4013 576 4090 Gipbauii,
602 4019 660 4074 «bc.
681 4013 976 4075 commentationibus
1002 4022 1032 4072 et
1055 4012 1220 4076 emendati.

157 4111 265 4193 partim
279 4129 315 4171 es
329 4130 390 4178 suae
409 4109 552 4171 doctrina
571 4130 652 4192 penu
676 4110 808 4180 addidit,
820 4121 911 4190 atque
932 4111 961 4169 iu
984 4109 1219 4188 locorum-quo·-
