2664 4686
182 236 270 302 3972
604 251 801 308 sxcuasus
824 252 874 301 ιν.

183 397 349 463 Gordiani
363 393 474 480 (Mus.
491 393 580 459 Flor.
595 397 665 460 tab.
678 392 740 479 73)
761 401 795 461 et
816 395 959 478 Pupieni
977 395 1097 481 (Max.
1111 394 1203 471 mod:
1215 398 1281 467 Nm

183 504 293 566 mism.
309 497 355 561 R.
371 496 546 586 Gallstab.
561 493 621 578 25)
645 501 678 560 et
692 496 794 560 simili
807 495 908 562 modo
923 496 1040 582 Scylla
1052 518 1147 566 mino
1159 502 1283 567 snblato

183 603 285 665 ictum
305 600 469 662 inteutans
490 600 525 661 in
547 597 681 661 denario
696 597 790 661 Sext.
806 597 974 680 Pompeii,
988 618 1022 663 v.
1038 619 1070 664 c.
1094 599 1200 666 ΤΜ
1215 599 1284 667 lio·

182 701 252 765 rell.
268 701 423 782 Pompei.
439 706 464 763 t.
482 716 523 776 11,
539 700 571 762 1.
587 697 641 762 Cf.
657 697 784 782 Spanb.
808 698 849 762 de
864 696 910 762 V.
934 704 967 763 ot
980 698 1023 763 P.
1039 698 1088 765 N.
1103 700 1149 766 Τ.
1165 718 1193 778 ι,
1212 723 1284 786 pag.

182 803 267 880 ‘2623
291 805 323 865 et
352 800 521 884 adjunctis
549 800 635 863 binis
662 799 856 881 corporibus
879 797 1054 882 juvenum,
1081 819 1148 882 per
1170 820 1285 867 canum

182 924 291 969 nexus
305 903 538 986 implicitomm
553 902 589 964 in
601 900 689 964 Pict.
706 898 845 964 Hercul.
858 899 958 964 Tom.
975 916 1035 978 ιιι,
1058 908 1084 966 t.
1099 902 1159 967 21.
1178 910 1213 968 et
1224 922 1285 969 nno

182 1009 254 1071 viro
270 1007 448 1085 ingemina
462 1001 957 1086 ap.1.ippert.1,1,127.128.
982 1007 1017 1066 et
1030 1020 1090 1085 ap.
1105 1001 1229 1069 Tussis
1241 1006 1286 1090 pl.

182 1123 284 1170 xxxi.
330 1103 470 1167 Etcum
495 1102 558 1178 his,
582 1102 730 1164 maxime
756 1121 832 1165 cum
857 1102 954 1167 Sexti
982 1102 1146 1186 Pompeii
1173 1125 1284 1183 numo,

182 1225 373 1290 comparare
398 1204 511 1267 malim
536 1202 646 1286 poetae
670 1222 785 1267 versus
810 1204 931 1268 collato
953 1203 1039 1268 Silio
1053 1221 1090 1283 V,
1106 1206 1186 1272 las.
1229 1206 1286 1271 Est

154 1324 159 1335 ·
181 1326 314 1391 quoque
337 1308 371 1370 in
393 1307 502 1370 numis
524 1303 747 1368 Contomiatis
769 1302 1028 1387 navis-Ulyssts
1049 1305 1285 1375 imminentem

180 1408 346 1471 sociorum
371 1425 475 1468 unum
498 1405 641 1487 rapiente
667 1403 795 1486 Scylla:
820 1404 861 1468 de
884 1404 1005 1487 quibus
1025 1425 1061 1471 v.
1076 1404 1284 1474 Eckbclvol.

182 1523 265 1584 vm,
281 1528 316 1592 p.
332 1506 408 1570 285.
454 1504 515 1568 Fst
529 1510 640 1570 tamen
657 1505 753 1568 tertia
774 1505 917 1587 species,
942 1524 1009 1587 qua
1023 1505 1104 1571 alvo
1118 1508 1284 1592 adjtmctn

179 1618 255 1674 suut
269 1610 434 1689 utrimque
456 1607 532 1670 ‹luae
548 1624 667 1668 canum
682 1611 842 1688 protomae
862 1608 895 1670 in
909 1626 1009 1672 unam
1023 1608 1195 1692 delphinis
1208 1631 1283 1677 can·

179 1709 257 1773 dam
272 1708 442 1773 coeuntes.
480 1708 582 1772 Hanc
595 1709 743 1790 speciem
762 1708 862 1773 babet
874 1709 1038 1773 numisma
1051 1708 1283 1794 Agrigentino

178 1830 250 1874 rum
266 1830 287 1873 a
302 1809 458 1891 Principe
468 1807 686 1873 Torrcmuzza
695 1809 841 1894 (Opusc.
851 1810 886 1874 di
896 1807 1016 1874 Autori
1024 1809 1181 1878 Sieiliani
1188 1814 1282 1879 Tem.

181 1911 348 1987 x1v,tub.
366 1927 434 1987 mr,
454 1906 510 1990 ιν)
522 1909 655 1987 editum,
669 1919 703 1975 et
716 1913 750 1979 in
765 1911 893 1975 Siciliae
904 1917 972 1974 vet.
988 1910 1092 1989 Num
1104 1916 1178 1982 tab.
1195 1933 1217 1978 v
1236 1938 1282 1982 re-

178 2012 330 2097 potitum,
346 2011 404 2072 ubi
420 2012 560 2073 alterum
575 2012 670 2071 canis
685 2009 822 2073 alterum
845 2010 958 2094 hydrae
973 2019 1035 2089 est,
1057 2019 1093 2077 et
1108 2013 1186 2097 jam
1199 2023 1280 2097 unte,

177 2131 298 2197 pamm
322 2111 457 2186 affabre,
482 2107 707 2172 admnbramm
732 2129 754 2173 a
777 2110 956 2178 Pancratio
978 2111 1001 2177 l.
1018 2133 1048 2177 c.
1069 2132 1133 2178 nec
1147 2118 1281 2184 multum

176 2213 378 2278 abiudicata
392 2212 427 2274 in
442 2207 644 2274 Winckelm.
659 2207 753 2274 Mon.
769 2209 857 2274 ined.
870 2231 926 2276 no.
939 2211 994 2278 37.
1016 2214 1170 2281 exhibita
1182 2220 1217 2283 in
1230 2239 1280 2288 sue

175 2316 306 2399 periore
320 2312 465 2378 editione
485 2313 519 2375 in
538 2311 646 2376 fronte
669 2310 747 2375 AEn.
766 2329 821 2376 111.
836 2311 916 2378 Vol.
934 2329 975 2390 ιι,
990 2332 1026 2396 p.
1040 2314 1119 2381 328.
1167 2318 1279 2385 Plures

175 2413 298 2498 Scyllas
312 2414 443 2496 species
466 2431 532 2476 uuo
557 2413 633 2478 loco
658 2414 824 2497 expressit
837 2411 997 2479 Pancraai
1010 2412 1185 2484 lanchua
1198 2419 1280 2491 Sici.

173 2512 261 2580 bano
304 2517 360 2580 ,4.

217 2612 251 2677 Α
264 2536 374 2696 pioitis
398 2613 466 2676 iere
492 2631 593 2676 canes
615 2621 845 2694 memorantur,
860 2636 976 2700 mque
990 2637 1079 2685 verae
1103 2639 1146 2685 ac
1166 2627 1279 2689 terroe

172 2718 250 2779 tres.
296 2713 453 2777 Dubitari
478 2719 589 2778 tumen
605 2717 664 2779 vix
690 2724 811 2800 potest,
834 2738 903 2795 eos,
928 2721 985 2801 qni
1009 2722 1108 2802 primi
1132 2722 1278 2793 fabulam

173 2814 349 2878 commenti
364 2820 450 2889 sunt,
475 2833 552 2877 cnm
574 2817 616 2879 de
640 2824 787 2883 monstro
811 2821 938 2885 marino
955 2826 1278 2901 narmmtbelluas

172 2933 304 2998 quoquo
327 2915 470 2979 marinas
492 2917 523 2979 ei
547 2917 751 3001 adjunxisse.
798 2920 908 2985 Etiam
934 2922 1104 2988 Homerus
1126 2927 1150 2992 l.
1166 2928 1203 3006 1.,
1222 2931 1276 2994 ubi

170 3016 317 3101 Scyllam
329 3017 452 3081 exertis
463 3019 629 3101 capitibus
640 3022 783 3103 praedari
799 3025 846 3087 ait
859 3024 951 3088 circa
962 3025 1138 3108 scopulum
1149 3033 1277 3113 aquati-

169 3117 227 3193 litt,
245 3117 384 3199 Διλφῖιᾶς
392 3141 425 3178 τι
436 3126 549 3184 narrat
561 3119 645 3196 κύνας
653 3148 697 3201 τε,
709 3121 852 3186 ealefacit
865 3129 958 3205 μιῖζον
971 3122 1050 3212 ἕλῃσι
1067 3132 1171 3205 Κῆτος.
1196 3133 1276 3204 Pro2

169 3216 280 3283 babilo
291 3220 404 3304 itaque
413 3219 450 3285 fit
461 3221 503 3285 de
515 3222 625 3305 phoca
634 3244 709 3288 eum
719 3227 900 3308 cogitasse:
916 3247 1017 3309 qnam
1025 3229 1167 3295 vibilum
1179 3237 1277 3299 mari-

169 3334 246 3382 num
255 3318 328 3401 jam
340 3326 465 3384 veteres
479 3324 697 3405 appellarunt,
711 3327 768 3408 qui
783 3326 871 3390 idem
886 3329 1062 3393 etiamnum
1075 3333 1178 3399 modo
1192 3333 1276 3401 cuais

168 3419 268 3481 modo
283 3417 349 3503 lupi
364 3422 480 3484 morim‘
495 3427 627 3490 nomine
639 3428 742 3508 veuit3
763 3427 894 3511 phocam
916 3427 1063 3512 pusillam
1087 3432 1187 3501 Linn.
1203 3458 1276 3504 eam

168 3515 280 3581 baberi
295 3521 406 3586 audio.
453 3523 588 3590 leonem
603 3532 637 3590 et
652 3526 904 3612 descriptionem
918 3532 1012 3597 vituli
1026 3535 1145 3598 manni
1159 3539 1276 3604 videas

169 3638 224 3703 ap.
243 3619 474 3689 lioudcletium
489 3625 531 3691 de
546 3625 703 3692 Piscibus
718 3631 852 3694 marinis
866 3632 924 3696 lib.
942 3650 1069 3710 xv1,c.
1084 3636 1118 3701 6.
1163 3635 1276 3725 Majo

169 3741 236 3787 reni
252 3720 367 3787 borum
382 3726 622 3809 amphibiorum
636 3729 715 3793 olim
729 3731 764 3794 iu
778 3732 1014 3800 mediterraneo
1027 3739 1112 3802 mari
1121 3739 1276 3827 frequen-

168 3824 248 3887 tiam
263 3823 368 3889 titisse
384 3834 529 3906 constat;
553 3830 596 3893 ad
621 3830 703 3894 tines
717 3832 854 3917 AEgypti
869 3836 1017 3902 desertos
1037 3845 1137 3905 notas
1159 3863 1278 3912 comm

169 3923 263 3987 salos
278 3925 429 3989 novimus
444 3946 486 3991 ox
503 3927 625 4012 tldyss.
642 3940 681 4008 Δ,
704 3933 760 3996 nbi
777 3933 819 3995 dc
833 3933 954 4002 Proteo
967 3941 1084 4023 agitur.
1129 3942 1280 4013 Narrant

169 4027 289 4090 aeneis
304 4049 436 4115 quculue
453 4032 656 4113 temporibus
669 4053 788 4100 canum
803 4039 1000 4106 marinorum
1010 4042 1104 4108 circa
1117 4064 1279 4127 promon-
