2664 4686
110 303 198 373 8966
519 319 716 371 excursus
740 319 797 368 ιιι.

108 488 172 554 pro
201 464 492 545 Foroliriensibus‚
519 473 597 551 post
620 464 828 550 Peregrinum
856 456 1049 542 Maserium,
1062 458 1204 547 sigim

113 569 338 634 Marchesium
351 570 387 632 in
401 569 570 652 Supplem.
587 570 678 635 Hist.
694 569 841 659 Foruliv.
857 569 915 632 lib.
932 584 958 645 1,·
972 587 1007 649 p.
1022 566 1077 644 34,
1093 572 1129 631 et
1142 565 1204 631 Ge.

112 669 292 736 Vivianum
304 669 524 734 Marchesium
534 672 567 733 in
577 669 668 734 Vitis
679 671 794 734 illustr.
806 668 952 733 Foroliv.
963 668 1021 731 lib.
1034 682 1074 744 ιι,
1086 684 1164 751 cap.
1174 669 1205 743 5,

112 791 149 856 p.
164 771 229 836 227
241 792 328 855 sqq.,
343 772 449 835 denuo
463 772 619 855 pugnavit
632 771 799 837 eruditiss.
815 768 1015 852 Morgagnus
1029 770 1063 831 in
1079 766 1205 852 Opnsc.

115 871 260 938 Miscell.
276 893 311 955 p.
329 889 371 935 ιιι
387 893 440 956 ep.
457 872 478 936 l
498 879 532 938 et
551 873 604 936 10.
649 871 739 936 Add.
765 872 879 936 Burin.
904 870 947 934 ad
970 869 1107 934 Anthol.
1132 869 1205 934 Int.

114 981 193 1041 tom.
215 991 241 1052 1,
265 995 301 1057 p.
322 976 398 1040 053.
429 974 538 1039 ·Adeo
552 981 585 1039 et
598 974 696 1058 hujus
710 975 852 1039 hominis
866 972 1020 1055 exemplo
1034 971 1205 1055 proposito

113 1081 318 1152 contemnere
328 1078 449 1160 aliquis
461 1079 572 1142 discat
580 1078 723 1141 nominis
735 1077 859 1140 famam
871 1080 905 1140 et
915 1074 1205 1138 immortalitatem:

114 1175 229 1260 inqua
241 1184 275 1240 et
288 1179 364 1265 ipsa
378 1197 476 1242 casus
491 1184 525 1243 et
537 1177 667 1243 lomina
679 1185 802 1260 regnet.
1030 1168 1032 1172 ’

157 1278 302 1364 Contigit
322 1286 431 1346 tamen
454 1283 536 1345 inter
557 1282 643 1360 haec,
665 1286 703 1345 ut
725 1281 841 1356 multa,
868 1298 944 1361 quae
970 1278 1013 1341 ed
1039 1275 1132 1341 Galli
1155 1296 1207 1340 res

115 1385 276 1464 spectant,
290 1384 474 1446 accuratius
488 1384 768 1447 constituerentur.
806 1379 930 1445 Contra
940 1396 1019 1444 vero
1031 1397 1092 1442 neo
1102 1380 1209 1467 minus

113 1482 181 1547 alia
200 1484 342 1547 virorum
360 1482 529 1547 doctorum
545 1486 678 1565 argutiis
692 1483 784 1546 fuere
798 1480 958 1564 impedita
971 1486 1006 1542 et
1019 1480 1208 1556 obscurata,

114 1583 214 1647 etiam
234 1585 270 1646 in
290 1585 343 1661 iis,
366 1603 442 1666 qum
463 1583 507 1647 ad
528 1583 704 1665 Virgilium
726 1587 889 1666 spectant.
935 1581 987 1645 De
1010 1582 1119 1644 amica
1146 1577 1210 1662 Lp-

115 1681 217 1751 eon'de
235 1685 438 1767 disputatum
460 1689 511 1748 est
531 1686 566 1747 in
588 1682 724 1766 Argum.
747 1682 821 1748 Ecl.
847 1699 886 1746 x.
932 1681 1102 1763 Ingenium
1117 1678 1210 1745 Galli

116 1792 150 1851 et
176 1785 368 1851 facultatem
396 1783 562 1868 poiticam
587 1804 696 1868 pauca
723 1781 882 1849 testantur
911 1782 1102 1864 fragmenta,
1135 1801 1210 1866 quae

115 1894 306 1969 supersunt3
336 1894 489 1952 asbnunt
506 1893 617 1951 autem
636 1904 711 1951 eam
730 1891 876 1951 vetemm
903 1885 1083 1968 praeconia,
1114 1885 1212 1967 inque

114 1985 334 2070 hisVirgilii.
388 1987 512 2051 Verum
532 1986 672 2051 hicnon
692 1990 761 2050 tam
783 1987 828 2050 ab
857 1984 1034 2067 Elegorum
1055 1984 1212 2050 felicitate

115 2108 193 2155 ‚eum
221 2090 376 2167 celebrat,
405 2108 504 2172 quam
528 2090 573 2153 ab
601 2089 735 2152 alterius
763 2088 887 2170 geneda
914 2088 1079 2150 cannine:
1109 2087 1212 2152 altero

114 2187 191 2253 loeo
222 2203 273 2264 νι,
300 2187 345 2252 72
387 2182 508 2271 Gryno
535 2183 665 2248 moris
693 2185 842 2271 originem
869 2191 1095 2268 argumentum
1123 2187 1212 2252 illius

116 2289 324 2354 corretitrrisse
352 2288 475 2353 innuit:
504 2305 593 2365 nam,
620 2305 696 2350 cum
724 2283 860 2350 Gallum
886 2304 1014 2350 summo
1041 2287 1166 2350 honore
1193 2306 1214 2351 a

117 2385 226 2452 Musis
240 2395 413 2470 acceptum
426 2393 590 2451 narrasset
605 2386 713 2465 Maro,
728 2386 849 2450 Linum
871 2389 918 2452 ait
929 2388 961 2449 ei
976 2386 1119 2450 fistulam
1143 2387 1214 2454 He·

116 2487 204 2552 siodi
218 2489 414 2572 praebuisse,
429 2488 540 2552 verbis
554 2488 714 2572 adjectis:
730 2483 820 2552 ‘His
835 2488 1004 2571 [calamis]
1016 2489 1077 2552 tibi
1087 2487 1212 2572 Grynei

117 2591 261 2654 nemoris
274 2590 402 2653 dicatur
416 2588 532 2670 origo:
556 2587 611 2651 Ne
634 2588 710 2669 quis
725 2589 767 2651 sit
779 2589 886 2667 lucus,
909 2608 975 2670 quo
990 2608 1026 2651 se
1047 2588 1124 2671 plus
1141 2588 1216 2671 jac·

118 2686 322 2770 tetApollo.'
365 2686 481 2752 Altero
505 2689 580 2753 loco
606 2687 678 2752 Ecl.
704 2705 744 2763 x,
773 2690 828 2753 50.
849 2691 891 2754 51
914 2688 1033 2753 Gallus
1049 2689 1214 2772 loquitur:

119 2787 229 2866 ‘Ibo'
242 2789 326 2867 nit,‚‘
336 2794 370 2854 et
384 2787 578 2856 Chalcidico
593 2809 668 2873 quea
684 2794 761 2853 sunt
777 2790 859 2854 milri
874 2790 1009 2855 condita
1020 2808 1119 2853 versu
1135 2787 1215 2854 Car-

116 2889 217 2968 mina,
232 2891 375 2973 pastoris
390 2890 496 2955 Siculi
506 2891 701 2955 modulabor
709 2891 837 2956 avena!
862 2892 981 2957 Gallus
997 2892 1082 2955 adeo
1097 2896 1217 2955 ‘versu

119 2986 311 3056 Chalcidico
333 2993 475 3056 carmina
497 2990 710 3056 condiderat!
753 2991 977 3076 Euphorionis
1000 2993 1143 3056 carmina
1165 3012 1217 3057 re·

112 3092 229 3174 spici‚.
244 3093 302 3175 qui
331 3090 557 3157 Chalcidensis
585 3112 630 3157 ex
658 3091 791 3158 Euboea
818 3092 892 3171 fuit,
927 3094 1007 3156 satis
1036 3093 1217 3172 convenit3

115 3191 256 3277 ejusque
269 3211 405 3258 neeesse
419 3199 470 3259 est
484 3201 543 3260 aut
556 3196 760 3260 transtulisse
780 3214 911 3259 carmen
932 3193 1066 3277 aliquod
1086 3194 1122 3255 in
1145 3193 1225 3261 Ro.

111 3310 250 3367 manum
264 3290 449 3359 sermotiem
462 3293 609 3372 Gallum,
620 3301 678 3359 aut
690 3295 842 3361 liberiore
853 3296 982 3360 calamo
997 3295 1216 3376 expressisse.

117 3390 273 3475 ¹l'roclive
287 3402 338 3459 est
351 3389 394 3458 ad
409 3397 669 3480 conjectandum,
692 3416 825 3463 carmen
844 3396 885 3461 de
909 3395 1066 3478 Apolline
1079 3394 1218 3478 Gryneo

105 3485 256 3577 'ejusque
269 3495 405 3560 oraculo
419 3496 524 3562 fuisse
538 3499 618 3562 illud
633 3499 742 3581 ipsum
757 3517 898 3563 carmen.
945 3497 1118 3560 Hactenus
1138 3516 1218 3562 con-

111 3600 273 3661 sentanea
285 3601 371 3673 sunt,
395 3616 470 3680 quar
490 3600 644 3683 apposui.
689 3600 816 3664 Similia
829 3600 895 3663 illis
908 3598 1008 3662 habet
1022 3598 1158 3662 Servius
1173 3599 1218 3663 ad

114 3694 193 3761 Ecl.
210 3711 261 3772 vr,
274 3696 319 3760 72
332 3701 365 3760 et
380 3714 420 3774 x,
435 3700 489 3764 50.

162 3795 336 3867 Fuimvero
357 3801 421 3863 viri
442 3800 533 3865 docti
559 3803 760 3885 suspicione
779 3807 813 3866 et
843 3803 1034 3885 opinatione
1065 3801 1220 3885 adjecere

120 3899 206 3980 alim
225 3919 271 3965 ex
287 3917 338 3977 νι,
353 3902 408 3965 00.
422 3904 478 3966 70.
503 3905 563 3966 ubi
576 3904 724 3970 calamos
737 3905 770 3968 ei
784 3906 863 3968 dant
886 3903 1008 3982 Musae,
1033 3924 1118 3987 quos
1142 3912 1220 3971 ante

122 3999 276 4073 dederunt
303 3999 441 4066 nerse
469 4004 567 4067 seni:
604 4023 794 4089 ergo-opus
820 4005 957 4088 aliquod
971 4005 1218 4088 Euphorionis,

26 4130 33 4139 ·
113 4098 212 4181 :quod
223 4099 552 4186 Hesiodeicarminis
566 4123 683 4186 genere
696 4107 853 4189 scripum
866 4111 947 4184 erat,
963 4107 1094 4186 respici.
1137 4105 1219 4171 Jam
