2664 4686
106 281 199 351 ,4038
370 252 374 263 “
494 293 693 347 excussus
709 293 833 359 ,xviia

112 459 175 506 nos
191 456 241 517 vr,
256 436 323 512 289
336 455 411 522 sqq.
454 436 642 521 Ttagoediar
655 436 761 509 Troili
783 437 914 507 nomine
934 438 1104 524 inscriptre
1126 441 1213 509 luem

113 543 195 607 olim
208 535 401 624 Sophoclis,
423 539 619 604 straliorum.
663 538 924 607 Observabimus
945 539 1083 607 tandem
1104 564 1214 609 recen·

113 645 377 730 tiorum‘quoque
386 640 576 721 fpbularum
586 641 710 715 factum
724 640 799 707 risse
813 641 963 708 Troilum
977 652 1213 725 argumentum,

109 743 215 829 Lollii
229 743 364 828 quidem
378 742 565 823 Urbinatis,
589 751 624 810 et
638 743 814 811 -Guidonis
830 743 883 811 ‚de
900 743 1074 810 Colonna.
1118 745 1214 812 Unde

4 878 52 913 ν,
114 842 264 911 Chaucos
275 845 372 919 duxit
393 866 490 913 suum
514 846 665 915 Troilum
685 853 719 913 et
742 845 911 923 Cressido.
953 845 1060 919 Extat
1083 865 1214 932 quoqne

115 947 183 1025 ills.
211 946 341 1015 Alberti
370 949 545 1017 Stadernsis
573 968 705 1015 carmen
729 949 913 1032 elegiacum
938 948 1116 1015 historiam
1139 950 1213 1016 belli

113 1048 254 1136 fl'rojaui
262 1050 487 1136 complexum,
497 1051 605 1121 Troili
613 1052 747 1119 nomine
756 1051 953 1137 inscriptum
966 1051 1010 1117 in.
1014 1049 1214 1123 bibliotheca

112 1148 230 1245 'ducali
243 1146 445 1239 Guelpbcrb.
475 1210 481 1223 s

398 1558 742 1673 exerimus
782 1592 940 1672 xvim

305 1800 356 1850 DE
372 1799 545 1855 HECTORE
561 1799 673 1855 CIRCA
688 1799 835 1855 TROJAM
852 1801 1036 1855 RAPTATO.
1068 1843 1071 1849 .

166 1980 190 2038 1,
216 1961 292 2029 487.
314 1962 399 2029 ‘Ter
422 1964 549 2031 circum
571 1966 698 2032 iliacos
720 1972 912 2051 raptaverat
935 1966 1088 2033 Hectora
1100 1962 1217 2032 muros'

97 2050 103 2063 '
121 2061 281 2145 Achilles.
326 2063 548 2131 Observatum
561 2073 595 2132 et
614 2068 669 2132 hie
686 2068 776 2133 etad
791 2068 977 2137 Homerum
996 2069 1129 2155 jomab
1148 2066 1218 2134 aliis

122 2165 212 2243 (aod.
228 2165 481 2233 wemaorfao
496 2169 586 2254 Epir.
609 2170 708 2236 man.
734 2171 774 2235 P.
792 2170 842 2234 nr.
856 2171 898 2236 Τ.
914 2187 949 2235 1v
987 2191 1023 2255 p.
1044 2152 1220 2257 aetna

121 2289 244 2334 merum
259 2270 381 2354 raptati
397 2269 488 2333 circa
501 2269 638 2354 trojam
652 2272 811 2337 Hectoris
831 2292 896 2337 non
914 2219 1118 2351 riHm‘minse,
1160 2269 1222 2351 Ter

118 2372 215 2451 ,circa
228 2372 320 2435 urbis
334 2391 444 2436 muros
458 2369 543 2452 fugit
559 2368 688 2433 Hector
702 2372 815 2447 (Iliad.
830 2378 869 2447 Χ,
884 2368 976 2449 208),
990 2389 1101 2436 caenis
1116 2376 1224 2448 autem

123 2491 255 2535 ecurru
268 2470 392 2551 ligatus
415 2457 528 2534 statim
552 2468 596 2533 ad
620 2488 725 2533 naves
748 2469 895 2549 trahitur,
917 2491 950 2535 v.
972 2469 1075 2539 Iliad.
1095 2479 1136 2550 X,
1160 2470 1224 2538 399

123 2594 207 2656 sqq,
221 2573 277 2636 ubi
292 2577 339 2635 ter
362 2570 508 2654 quotidie
530 2571 619 2634 circa
640 2570 793 2636 Patrocli
813 2574 974 2637 tumulum
997 2578 1133 2658 raptare
1151 2593 1225 2638 enm

122 2674 250 2737 solebat
263 2669 424 2749 Achilles,
436 2670 592 2747 Iliadtl,
613 2672 656 2735 14
668 2691 742 2756 sqq.
785 2672 941 2737 Tractum
955 2672 1053 2756 igitur
1066 2672 1226 2739 Hectoris

124 2772 267 2838 cadaver
282 2772 373 2837 circa
385 2792 497 2836 muros
511 2778 568 2836 aut
581 2774 637 2836 uni
652 2793 696 2837 ex
713 2772 860 2857 Cyclicis
876 2779 932 2838 aut
945 2794 989 2839 ex
1002 2772 1158 2857 Tragicis
1172 2774 1227 2839 dc·

124 2874 194 2938 beri
208 2878 301 2958 put0,
316 2874 374 2957 qui
392 2873 581 2937 omniafere
596 2875 673 2938 belli
690 2874 786 2940 Iliaci
800 2874 893 2940 facta
906 2877 1007 2940 variis
1018 2875 1129 2943 modis
1142 2881 1228 2942 trac·

125 2981 196 3041 tata
209 2982 243 3041 ct
257 2981 373 3040 ornata
387 2995 449 3060 pro
465 2976 597 3041 consilii
612 2976 739 3040 ratione
754 2997 846 3060 saepe
861 2976 1054 3042 inflexerant
1068 2982 1101 3040 et
1120 2979 1228 3047 raria-

125 3084 247 3142 verant.
270 3078 314 3142 V.
330 3078 470 3143 Excurs.
486 3077 529 3141 ad
544 3078 621 3141 AEn.
639 3094 680 3154 11,
696 3099 744 3160 pr.
790 3078 896 3142 Fuere
920 3091 1028 3142 autem
1054 3079 1155 3163 hujus
1179 3099 1229 3144 ar-

126 3181 270 3261 gumenti
284 3181 457 3263 tragoediae
473 3180 550 3243 olim
571 3179 681 3262 plures
698 3179 861 3263 AEscbyli,
881 3179 1088 3256 Timesitbei,
1102 3178 1231 3266 Diony-

35 3358 37 3363 ·
128 3283 170 3346 sii
184 3283 339 3367 Tyranni,
354 3278 614 3367 Ennii,‘'Exrogoq
628 3278 721 3366 λύτρα
736 3282 918 3365 inscriptae,
933 3282 1074 3345 aliorum
1090 3275 1230 3368 Heium

127 3382 292 3467 Ἀχιλλεύς.
336 3385 497 3466 Virgilius
522 3390 630 3448 tamen
658 3386 808 3468 inprimis
831 3394 906 3449 ante
933 3383 1048 3449 oculos
1072 3385 1232 3449 babuisse

127 3485 257 3549 ridetur
282 3487 486 3570 Euripidem,
511 3507 609 3570 quem
630 3489 718 3552 inter
742 3492 867 3550 eeteros
891 3487 946 3550 ille
969 3485 1137 3569 probavit,
1162 3483 1232 3549 An-

129 3588 233 3652 drom.
249 3609 280 3650 v.
295 3590 370 3653 105.
387 3588 461 3653 106.
506 3587 606 3652 Hanc
622 3587 746 3651 Ennius
760 3587 894 3651 latinam
916 3587 1051 3663 fecerat,
1066 3606 1111 3653 ex
1125 3607 1232 3671 eaque

127 3691 183 3754 hic
211 3690 285 3774 ipsc
313 3691 406 3755 locus
442 3690 483 3754 de
518 3691 697 3755 miserabili
733 3689 889 3753 Hectoris
925 3689 1017 3753 caede
1062 3694 1232 3772 superest:

130 3809 164 3855 v.
181 3791 311 3876 Fragm.
327 3792 426 3856 Ennii
440 3815 473 3877 p.
489 3792 564 3860 239.
609 3792 670 3857 Est
681 3813 726 3859 ex
740 3812 781 3856 ea
794 3813 862 3857 von
877 3811 997 3855 sonora
1012 3796 1045 3855 et
1058 3788 1234 3873 splendida

128 3904 310 3978 raptaverat
326 3896 440 3978 petita.
455 3894 508 3958 ct.
523 3896 581 3959 ins.
598 3913 639 3974 11,
653 3897 728 3962 272.
771 3892 895 3960 Actum
906 3902 956 3958 est
969 3912 1072 3978 nuper
1081 3894 1233 3976 pluribus

130 3997 172 4062 de
186 4004 317 4081 raptato
333 3996 479 4060 Hectore
493 3997 536 4060 ad
558 3998 671 4076 Ilium,
695 4017 763 4064 non
787 3999 877 4061 circa
902 3997 1012 4072 ilium,
1028 3993 1073 4060 ad
1087 3995 1234 4075 libellum

130 4098 353 4167 Lechevalerii
368 4099 426 4181 qui
441 4097 633 4185 Descriptio
647 4099 791 4173 Troadis
805 4100 1003 4164 inscribitur.
