2664 4686
127 311 214 380 tana
544 318 742 385 excursus
765 334 817 386 nv.
845 372 848 377 .

126 504 202 549 enm
214 479 306 569 petiit
319 476 419 563 podta
435 498 443 542 :
465 480 476 513 ‘
489 484 527 542 nt
539 476 684 562 depositi
698 480 857 564 proferret
873 480 949 548 iata
962 483 1138 569 parentis!
1174 486 1212 554 bc

126 585 219 651 mutis
239 579 359 645 ortibus
378 586 412 644 et
432 577 695 656 medicinarum
716 593 795 662 crte,
816 585 919 651 multa
941 585 1119 671 disputata
1138 598 1214 669 sunt;

124 689 281 774 pleraque
293 690 405 767 argute
416 682 522 766 magis
538 702 639 765 quam
660 703 747 749 vere.
792 684 882 751 Nam
896 686 1075 754 silentium
1089 691 1215 756 medico

125 810 196 856 rum
210 809 254 852 ex
262 784 472 872 jurejurando
485 784 708 868 Hippocratis
728 787 782 851 rel
802 807 845 851 ex
867 787 981 873 adytis
995 792 1216 878 AEgyptiorna

124 892 269 957 alienum
283 889 430 975 protecto
450 909 471 952 a
493 887 595 971 podta
617 894 677 954 est.
723 888 802 955 Erat
825 890 942 955 saltem
962 913 1074 959 nnnm
1094 894 1216 961 illudet

124 992 292 1058 Servianis
319 990 510 1056 tenendum:
544 1001 628 1054 αντα
656 1001 758 1056 mutor
786 1010 859 1058 esso
885 995 1031 1062 musicae
1061 1014 1216 1083 compara

123 1095 233 1165 tione:
252 1114 320 1158 non
331 1093 466 1157 vocales
479 1098 512 1157 et
524 1113 675 1160 canoras.
719 1093 822 1173 Quod
834 1099 966 1160 secums
977 1114 1124 1182 quoqne
1137 1104 1217 1165 astet

123 1194 302 1261 illustravit
322 1195 470 1262 Gronov.
495 1195 539 1259 ad
564 1195 664 1260 Statii
686 1195 791 1273 Theb.
817 1213 868 1274 rv,
892 1194 981 1276 1833
1003 1216 1120 1282 neque
1140 1198 1218 1283 gnie

122 1317 223 1383 quam
242 1305 306 1377 est,
331 1298 421 1382 quod
442 1317 519 1362 cnm
538 1297 694 1381 loquendi
710 1317 774 1361 usu
795 1297 901 1380 magis
924 1300 1122 1366 conveniat.
1163 1298 1221 1367 be-

121 1398 231 1465 sidero
244 1406 353 1465 tamen
366 1400 442 1476 boc,
458 1400 548 1482 quod
570 1401 620 1463 sic
641 1409 733 1462 mute
751 1409 833 1463 artes
851 1404 980 1465 tantum
992 1400 1054 1465 nni
1068 1420 1115 1467 ex
1129 1402 1221 1469 eun

122 1500 260 1579 artibus,
274 1520 359 1585 quas
380 1502 554 1567 contemsit
575 1500 682 1584 Iapis,
695 1502 905 1585 respondent,
923 1502 1059 1568 scilicet
1080 1504 1222 1573 musice.

122 1600 303 1687 Adjectum
316 1602 397 1667 illud
412 1599 563 1688 inglorius
576 1601 749 1666 videbatur
762 1602 842 1667 mibi
855 1603 972 1686 potius
991 1604 1168 1671 notionem
1179 1610 1224 1675 nt

121 1712 223 1766 mutus
236 1706 446 1780 constituere,
460 1708 497 1767 ut
509 1711 600 1766 mute
620 1712 701 1765 ortes
715 1704 839 1771 solenni
852 1702 957 1787 figura
969 1724 1039 1769 non
1054 1708 1224 1792 sinteca

117 1802 225 1881 silem,
248 1805 309 1867 sed
332 1825 407 1887 qum
429 1806 575 1881 silentur,
599 1805 652 1869 vel
672 1805 805 1883 faciunt,
822 1813 861 1871 ut
877 1804 914 1883 ii,
930 1806 992 1889 qui
1014 1827 1079 1873 eas
1102 1808 1222 1889 colunt,

119 1904 295 1971 sileantur:
317 1922 371 1968 ars
395 1904 517 1968 nnllam
540 1904 662 1968 sannam
684 1905 815 1988 datura,
835 1906 876 1971 de
899 1925 968 1991 qna
998 1908 1229 1985 silebuntbo-¹

119 2004 245 2069 mines:
268 2005 419 2088 inprimis
439 2024 484 2068 ex
505 2005 614 2082 istius,
636 2025 703 2087 quo
724 2005 829 2090 poeta
849 2008 997 2091 vivebat,
1012 2010 1136 2075 stecnli
1156 2015 1225 2098 opi2

119 2107 229 2186 nione,
253 2126 330 2171 cunr
351 2105 546 2171 medicinam
571 2111 696 2175 tantum
717 2108 805 2173 servi
830 2108 885 2173 vel
908 2108 1019 2175 liberti
1040 2130 1086 2175 ac
1116 2111 1225 2179 Graeci

119 2217 332 2290 exercerent3
365 2229 441 2275 cum
468 2214 582 2274 contra
605 2209 827 2286 celebritatem
850 2208 1031 2293 ettamam
1054 2213 1144 2278 inter
1168 2215 1225 2281 boe

118 2309 223 2373 mines
237 2310 360 2375 daturae
375 2310 514 2375 inissent
535 2314 622 2374 artes
636 2309 832 2392 augurandi,
848 2310 1032 2395 jaculandi,
1046 2316 1083 2377 et
1098 2315 1225 2381 cithara

120 2410 270 2475 canendi.
315 2410 405 2490 Quid
419 2414 505 2476 enim
526 2413 559 2476 in
579 2411 713 2485 heroum
735 2413 807 2479 vita
827 2412 983 2476 illustrius
1001 2413 1055 2477 his
1069 2416 1223 2487 artibusl

120 2510 224 2579 Porro
248 2516 418 2597 antiquum
440 2532 564 2578 morem
585 2513 686 2597 polita
708 2514 820 2577 retulit
844 2515 878 2577 in
901 2514 1045 2580 amictu:
1078 2520 1224 2583 ‘retorto

119 2615 310 2679 succinctus
324 2615 477 2678 amictu:'
498 2614 617 2679 medici
630 2616 716 2680 enim
728 2615 795 2679 fere
813 2616 952 2698 palliati,
966 2616 1066 2681 etiam
1090 2616 1220 2697 Rome,

118 2713 380 2797 quandoquidem
409 2714 524 2781 Graeci
549 2717 615 2787 tere
645 2723 736 2782 erant
760 2736 885 2800 genere.
929 2715 1062 2782 Obvius
1087 2738 1222 2804 quoqne

116 2806 409 2898 idem'AEsculapii
424 2813 557 2881 habitus
576 2817 610 2884 in
629 2822 776 2882 veterum
790 2817 894 2899 signis
906 2820 940 2881 et
952 2817 1074 2881 numis.
1119 2816 1220 2897 Quod

116 2914 256 2999 pallium
269 2922 433 3001 retorquet
446 2923 479 2982 et
493 2919 669 3001 succingit,
681 2918 900 3001 chirurgicum
909 2937 1046 3002 operam
1060 2923 1094 2982 et
1107 2920 1219 3003 ipsum

115 3016 236 3100 arguit,
257 3035 323 3082 non
346 3018 529 3098 medicam3
551 3019 614 3083 etsi
637 3019 790 3086 omnibns
810 3020 943 3083 omnino
967 3018 1149 3085 idemerat
1172 3020 1219 3085 ta·

114 3119 276 3199 ciendum,
291 3121 349 3203 qui
365 3139 401 3184 se
412 3121 458 3185 ad
472 3114 685 3186 ministerium
699 3122 753 3186 vel
766 3140 852 3204 opus
866 3122 1093 3204 accingebant.

158 3218 371 3302 Ingeniosum
392 3242 530 3305 prorsus
553 3232 605 3287 est
630 3229 846 3287 commentum
869 3224 909 3287 de
932 3220 1103 3302 dictamno,
1122 3228 1217 3310 cnjus

113 3340 254 3385 succum
279 3341 356 3384 cum
381 3322 549 3386 ambrosia
570 3329 603 3388 et
624 3343 773 3407 panacea
800 3323 888 3388 clam
913 3323 1079 3390 admiscet
1102 3324 1213 3388 Venus

113 3439 222 3502 nquae,
249 3439 318 3503 qua
345 3421 463 3485 vulnus
492 3423 608 3488 AEneae
634 3423 774 3488 fovetur.
820 3424 999 3489 Substituit
1024 3427 1128 3509 poeta
1148 3426 1212 3490 dic-

111 3525 316 3606 tamnumrfi
344 3527 435 3608 πικρᾴ
458 3521 516 3610 ῥίζῃ
542 3526 632 3607 apud
655 3524 839 3590 Homerum
862 3525 960 3590 Iliad.
984 3536 1024 3605 Δ,
1049 3528 1127 3605 845,
1149 3547 1213 3612 quo

111 3619 289 3686 Patroclus
317 3623 478 3709 Eurypyli
502 3624 629 3689 vulneri
653 3626 810 3705 medetur,
833 3646 1000 3710 quamque
1022 3627 1210 3711 gentianum,

110 3722 189 3788 olim
210 3722 400 3790 Chironium
420 3727 557 3804 dictam,
577 3745 651 3790 esse
665 3727 780 3792 docuit
800 3726 973 3793 Wedelius
997 3726 1133 3796 Centru.
1149 3730 1212 3794 Es·

109 3827 343 3906 orc.Dec.v1,
367 3847 446 3911 pag.
465 3829 519 3892 at.
550 3827 625 3897 Nec
647 3846 726 3893 vero
740 3849 879 3913 capreas
894 3831 1210 3914 antam-sylvestre

109 3925 144 3989 in
159 3926 260 3993 Creta
273 3929 462 3996 vulneribus
485 3915 652 3994 dictamno
663 3948 875 4009 succurrere,
898 3949 1007 4015 eoque
1022 3949 1160 3996 comeso
1172 3931 1212 3994 iis

107 4030 264 4097 excidere
279 4032 411 4117 spicula
430 4030 569 4096 credidit
589 4030 791 4113 antiquitas:
814 4052 883 4115 qna
903 4031 945 4097 de
965 4052 1001 4096 re
1023 4033 1077 4098 vel
1091 4031 1211 4098 AElinni

108 4128 205 4195 locus
218 4135 383 4203 videndus
397 4133 443 4201 V.
459 4133 508 4200 Η.
523 4152 550 4215 1,
565 4134 621 4213 10,
639 4134 698 4199 ubi
718 4134 762 4200 ct.
784 4133 912 4221 Intpp„
926 4135 1005 4207 eth.
1020 4136 1044 4202 l.
1059 4134 1169 4203 Corda
1179 4138 1217 4231 et
