2664 4686
108 317 195 382 4150
320 300 329 308 ’
525 325 724 377 excussus
746 325 790 376 11.

219 490 250 536 a.
266 489 299 536 c.
316 487 352 534 Ν.
483 469 621 552 aTroja
635 475 734 553 capta
862 467 973 532 Error.
989 469 1109 534 AEneae

247 569 334 635 1178
570 571 640 635 a.6
940 570 1013 634 a?

154 672 253 749 Vere,
275 677 311 735 ut
334 690 354 733 e
376 670 588 753 sequentibus
611 670 786 752 probabile
807 669 854 746 tit,
879 669 1016 751 quando
1036 669 1201 753 navigandi

110 779 241 856 tempus
256 771 379 848 aderat,
394 770 510 834 classis
524 771 642 834 AEneae
657 790 676 834 c
692 771 808 834 Sicilia
822 770 925 834 solvit
939 790 1059 835 versus
1076 770 1203 856 'l'yrrle

110 876 201 938 niam
215 878 249 937 et
263 873 409 936 Ledam
446 871 502 935 Ab
516 872 578 936 hoc
593 872 726 936 demum
740 878 887 955 ternpore
901 891 954 936 res
968 872 1115 937 Amase
1127 894 1205 938 ouu-

109 974 280 1060 preheusae
294 971 466 1036 exordium
480 971 615 1036 habent:
631 993 664 1037 v.
679 973 738 1036 lib.
755 989 781 1048 1,
795 973 839 1037 88
853 993 928 1057 sqq.
955 972 1031 1038 Vix
1043 973 1107 1038 illa
1117 974 1205 1039 altum

55 1066 64 1075 ’
111 1081 210 1153 tenet,
224 1094 300 1138 cum
315 1073 425 1136 subito
439 1073 636 1154 gravissima
650 1079 828 1156 tempestas
843 1079 927 1150 orta,
942 1092 1045 1158 quum
1059 1073 1206 1158 potituri
1251 1104 1254 1145 r

112 1178 215 1247 AEolo
241 1176 383 1240 Junonis
411 1180 529 1256 rogatu
557 1176 740 1238 immissam
771 1176 894 1257 prodit,
922 1194 1040 1239 versus
1070 1174 1207 1241 African

114 1297 217 1345 naves
231 1277 357 1360 rejicit3
381 1294 443 1338 sex
459 1276 550 1340 circa
565 1277 729 1358 AEgimuri
744 1273 843 1354 Arm,
857 1296 902 1341 ex
922 1276 1067 1341 adverso
1082 1276 1208 1342 Cardu·
1252 1338 1254 1343 .

112 1380 209 1464 ginis,
223 1379 342 1462 partim
357 1377 507 1460 scopulis
533 1380 653 1460 partim
679 1397 849 1442 arenarum
866 1377 966 1441 vadis
982 1377 1100 1455 illisae,
1113 1397 1174 1442 una
1190 1397 1208 1441 a

112 1481 195 1544 mari
209 1479 339 1556 hausta,
353 1499 467 1544 omnes
487 1498 507 1542 a
522 1478 628 1542 ventis
646 1479 865 1561 fluctibusque
879 1477 1060 1542 admodum
1076 1484 1207 1554 vexate,

115 1581 302 1647 subsidente
315 1580 448 1645 tandem
462 1584 657 1662 tempestate
667 1580 727 1643 vix
742 1580 775 1641 in
787 1577 914 1643 Africae
928 1577 1025 1642 littus
1040 1577 1104 1641 sed
1114 1579 1208 1642 diver·

114 1684 161 1745 sis
186 1683 335 1764 partibus
362 1682 537 1764 ejiciuntur
559 1684 599 1757 (1,
618 1679 795 1756 38-162).
838 1678 964 1742 AEneas
986 1677 1126 1760 quidem
1146 1696 1208 1743 erun

114 1786 240 1863 septem
259 1782 401 1844 navibus
421 1785 461 1857 (ι,
476 1780 542 1845 174
555 1785 587 1843 ct
600 1777 682 1862 387)
708 1781 790 1842 inter
814 1777 983 1860 Apollinis
1004 1782 1041 1841 et
1062 1776 1208 1843 Mercurii

115 1881 351 1963 promontoria,
365 1883 421 1962 qui
449 1899 536 1943 nunc
556 1880 737 1944 Temenus
761 1881 854 1943 sinus
875 1884 938 1956 est,
963 1883 1103 1961 portum
1122 1881 1208 1956 suba

116 1981 160 2044 ad
188 1979 407 2063 Aquilariam,
435 1982 568 2064 objectu
595 1981 725 2059 insulae,
752 2000 829 2064 quaa
858 1981 958 2044 altera
986 1999 1033 2043 ex
1058 1979 1211 2062 AEgimaai

117 2082 196 2147 Aris
210 2101 285 2147 esse
300 2081 439 2157 videtur,
455 2101 476 2145 a
491 2083 599 2145 ventis
619 2086 723 2145 tutum
743 2081 793 2166 (v.
809 2081 948 2146 Excurs.
963 2080 1007 2146 ad
1024 2098 1049 2159 ι,
1066 2083 1135 2147 159
1143 2079 1210 2166 erp).
1251 2134 1253 2153 ,

116 2183 233 2247 Altero
247 2183 300 2246 die
315 2182 359 2247 ad
373 2182 577 2267 exploranda
590 2183 667 2247 loca
681 2183 858 2264 digressus,
874 2187 908 2246 et
924 2188 1061 2246 amatre
1078 2182 1209 2257 Venere,
1251 2178 1253 2183 ’

116 2286 179 2351 sub
194 2284 364 2367 Nymphae
380 2285 492 2367 specie
505 2284 605 2348 obvia
618 2283 718 2362 sacta,
735 2283 944 2348 confirmatus
964 2283 1091 2361 murno,
1104 2303 1211 2350 novau

116 2388 230 2451 urbem
245 2384 481 2467 Carthaginem
496 2384 538 2448 de
552 2386 637 2449 colle
648 2386 721 2449 urbi
736 2385 924 2449 imminente
938 2385 1118 2467 prospicit.
1156 2386 1211 2450 De

118 2506 247 2570 gressus
270 2486 347 2549 inde
376 2486 454 2549 dum
479 2487 512 2549 in
535 2506 623 2550 novo
648 2487 789 2551 Junonis
816 2486 942 2568 templo
967 2504 1073 2568 opera
1095 2487 1213 2571 singula

119 2590 365 2669 contemplatur,
377 2587 469 2652 Dido
484 2588 599 2668 regina
609 2607 650 2651 eo
662 2587 824 2670 procedit,
836 2606 857 2651 a
867 2605 935 2670 qua
946 2587 1089 2668 benigne
1098 2590 1213 2653 AErm

118 2689 284 2769 excipitur
297 2705 445 2768 moxque
458 2688 570 2750 socios
585 2707 662 2751 cum
684 2695 779 2772 parte
797 2687 926 2766 classis,
941 2706 1043 2770 quam
1058 2689 1213 2754 desidera·

117 2793 221 2863 verat,
238 2791 410 2866 recuperat
423 2790 463 2863 (1,
479 2786 631 2850 lea-ad
646 2788 670 2851 s.
682 2788 788 2867 libri);
805 2806 905 2852 casus
919 2806 997 2850 suos
1011 2787 1095 2852 inter
1109 2790 1214 2873 epulas

117 2886 226 2953 factas
241 2886 428 2950 narratione
443 2889 584 2970 exponit
597 2889 668 2965 (lib.
686 2896 791 2953 rr-et
806 2888 880 2973 ru).

161 2986 267 3054 Gesta
285 2986 358 3051 haec
381 2989 459 3051 anni
480 2988 579 3071 hujus
594 3009 691 3068 vere3
715 2989 804 3072 quod
819 2995 958 3067 constat,
974 2992 1004 3054 si
1019 3010 1097 3055 cum
1110 2991 1170 3056 lib.
1188 3007 1214 3064 a,

117 3089 184 3156 626
198 3111 248 3173 sq.
264 3108 438 3172 compares
452 3090 527 3155 illa:
551 3094 561 3123 ‘
578 3090 669 3154 Nam
684 3097 716 3154 te
730 3090 804 3173 jam
819 3088 953 3173 ,septime
977 3098 1090 3174 portat
1110 3091 1216 3157 Omni·

118 3193 183 3256 bus
198 3197 359 3254 errantem
373 3192 469 3255 terris
484 3210 523 3254 ac
538 3191 692 3256 fluctibus
707 3190 815 3269 astas:
831 3209 855 3268 1,
871 3193 946 3257 759.
959 3195 1036 3259 760.
1062 3194 1184 3278 Itaque
1199 3211 1217 3268 1,

119 3293 218 3355 35-ί
234 3290 403 3372 maritusque
423 3312 481 3374 per
507 3313 603 3354 aureos
628 3292 786 3356 Errabant
801 3294 869 3356 acti
886 3292 964 3356 satis
988 3295 1095 3358 maria
1118 3298 1220 3362 omniu

118 3390 265 3456 circum!

163 3490 304 3555 Desidet
324 3492 449 3575 aliquot
476 3514 607 3558 menses
632 3485 721 3578 apud
743 3494 910 3559 Didonem
932 3495 1073 3572 AEneas,
1092 3496 1223 3561 taudem

121 3592 267 3657 Deorum
288 3598 413 3658 monitu
436 3595 499 3658 hac
521 3597 598 3678 ipsa
626 3602 740 3661 aestate
765 3616 809 3659 ox
832 3597 957 3661 Africae
983 3597 1096 3660 littore
1117 3598 1225 3674 solvit,

119 3692 284 3775 ingruente
298 3699 408 3757 tamen
423 3696 481 3760 illo
496 3704 654 3781 tempore,
670 3718 735 3780 quo
750 3698 874 3761 turbari
895 3699 1003 3761 ventis
1023 3716 1118 3762 mure
1131 3698 1225 3763 solet

121 3793 247 3858 Versus
264 3801 339 3857 sunt
358 3794 411 3859 hi:
436 3814 483 3871 lv,
498 3799 542 3862 52
562 3802 773 3882 ‘causasque
797 3800 923 3862 innecte
942 3798 1109 3875 morandi,
1136 3800 1227 3865 Dum

120 3895 238 3978 pelago
267 3893 409 3958 desaevit
436 3896 561 3978 hyems,
590 3906 624 3961 et
652 3918 799 3980 aquosus
823 3898 946 3977 Orion3
978 3896 1226 3983 Quassataaque

120 4000 220 4071 rates,
236 3994 315 4057 dom
339 4012 405 4056 non
430 3997 603 4061 tractabile
618 3997 763 4062 coelum?
808 3998 893 4063 Mox
908 3999 973 4064 193
997 3998 1129 4065 ‘Nunc
1150 4000 1226 4084 hye-

121 4110 206 4158 mem
221 4094 302 4160 iutcr
315 4111 352 4158 se
365 4093 459 4175 luxu,
482 4116 583 4180 quam
605 4098 712 4181 longa,
732 4098 854 4165 fovere'
871 4105 950 4181 etc„
963 4101 1100 4193 tandem
1114 4122 1147 4169 v·
1159 4100 1226 4173 ³⁰⁰
