2664 4686
106 279 196 353 1200
532 292 733 346 incursus
754 292 783 344 1.

106 441 259 509 Column.
281 440 399 524 11242
420 437 577 505 ‘Adsum
598 447 698 524 11111111
717 435 1195 507 adverrioAcheruntevixr'n

107 532 175 609 alta
197 548 296 625 atque
320 543 432 619 ardua,
456 541 523 617 Per
546 541 726 625 speluncas
750 541 868 606 saxeis
896 547 1058 607 structas-
1073 544 1196 629 asperti

108 642 327 727 pendentibus
348 641 555 722 Maxumeis3
588 643 648 706 ubi
676 640 783 725 rigida
803 647 940 707 constat
961 659 1087 708 crassa
1108 642 1196 729 (ἡ

108 743 262 825 inferum3
296 743 395 808 Unde
417 745 537 809 nnimae
566 745 753 809 excitantur
775 745 922 809 obscura
949 745 1088 822 umbra,
1107 750 1198 830 aput

109 847 196 911 ostio
210 844 280 911 Alti
295 845 504 925 Acbcnmtis,
528 846 615 911 falso
638 848 799 929 sanguine
811 859 1022 912 mortuorum
1042 844 1198 930 imagin)

111 943 224 1024 Quidl
248 947 337 1030 quod
352 949 451 1012 etiam
464 949 595 1031 pictura
608 948 716 1030 attigit
728 948 801 1013 illa:
832 953 885 1012 est
896 948 1086 1033 descriptio
1098 946 1199 1015 unm

111 1066 135 1111 a
148 1046 335 1132 Polygnoto
348 1048 449 1113 sactae
466 1049 606 1133 Delphis
620 1050 655 1113 in
668 1050 791 1115 lescbae
805 1050 945 1134 pariete,
959 1051 1079 1135 inqua
1093 1048 1200 1135 Nacy'n

111 1150 276 1215 exhibita:
301 1149 404 1214 Paus.
422 1167 462 1228 11,
478 1151 533 1228 08,
549 1152 607 1215 ubi
622 1172 721 1216 verus
737 1151 871 1237 Ulyssis
886 1150 929 1216 ad
944 1152 1072 1218 1111111011
1086 1152 1199 1218 deson

111 1271 169 1317 sus
183 1251 230 1317 fit.
276 1250 356 1318 Alia
370 1253 481 1318 Niciae
503 1255 619 1319 tabula
633 1255 724 1339 apud
747 1253 894 1319 Plinium
915 1270 1051 1331 xxxv,
1065 1250 1199 1321 11³AE

114 1352 230 1419 Fertur
252 1352 385 1418 tandem
408 1356 443 1418 in
456 1355 562 1418 teletis
580 1355 758 1440 aliquando
781 1376 888 1421 rerum
910 1355 1096 1423 inferarum
1108 1355 1201 1423 adu}

113 1456 220 1525 bratio
230 1454 414 1521 dramatico
424 1457 516 1521 facta
530 1477 615 1522 esse.
647 1457 737 1522 luter
750 1457 825 1525 hacc
839 1458 1078 1522 observatione
1091 1456 1202 1540 dignu·

115 1558 211 1637 illud,
225 1577 248 1623 a
268 1578 370 1643 quam
394 1562 509 1643 parvis
535 1561 637 1626 initiis
663 1566 850 1625 commenta
865 1561 940 1625 baec
955 1565 991 1625 et
1003 1555 1203 1642 figmentadr

115 1661 306 1727 conditione
335 1663 517 1726 animarum
545 1666 625 1746 post
652 1668 788 1726 mortem
811 1661 963 1745 prosecta
985 1660 1073 1726 sint:
1105 1655 1205 1726 condo

116 1761 227 1826 nanda
241 1764 354 1846 utique
368 1763 426 1827 illa
440 1763 618 1846 cupiditati
640 1763 760 1827 mentis
781 1762 945 1840 humanae,
965 1767 1001 1826 et
1015 1762 1106 1827 mira
1117 1760 1207 1844 ulio·

114 1861 320 1945 jucunditate
343 1883 379 1927 se
394 1863 668 1942 commendantia,
688 1883 748 1929 nec
767 1863 913 1945 indigna,
929 1864 1059 1946 quibus
1080 1864 1209 1928 imm

117 1971 169 2029 tur
182 1964 352 2046 ingenium
366 1967 517 2030 erectius.
562 1964 666 2049 Apud
689 1965 872 2030 Homerum
893 1970 946 2028 est
967 1962 1126 2029 Tartnrrn
1137 1961 1211 2029 1111·

117 2086 197 2130 num
219 2065 317 2130 sedes
340 2072 374 2131 et
396 2085 523 2145 carcer;
546 2085 655 2149 neque
679 2066 773 2132 aliter
795 2065 886 2149 apud
905 2064 1101 2131 Hesiodum
1120 2084 1168 2130 res
1182 2080 1213 2129 11

118 2167 229 2247 habet,
246 2169 311 2232 nisi
325 2168 414 2253 quod
429 2167 587 2232 Uranidae
613 2170 646 2231 in
670 2166 791 2232 iisdem
815 2167 1035 2232 collocantur:
1061 2165 1150 2232 conl.
1167 2162 1213 2231 ‘rd-

120 2269 264 2335 Excurs.
292 2288 374 2335 vrri.
419 2268 518 2335 Alius
543 2269 632 2355 apud
658 2269 846 2335 Homerum
869 2269 965 2333 locus
991 2274 1046 2333 cst
1075 2265 1213 2356 Elysius,

119 2373 273 2436 heroibus
284 2373 485 2452 destinatus3
508 2373 594 2437 alius
607 2368 725 2449 liade,
741 2391 769 2434 s.
785 2369 908 2448 Orcus,
917 2369 950 2433 11.
962 2389 994 2434 e.
1006 2369 1217 2436 omniuoioct

118 2475 238 2539 infera:
252 2476 418 2558 inquibus
431 2477 618 2559 promiscue
633 2476 784 2538 habitant
798 2474 916 2537 auimae
929 2491 1006 2535 cum
1017 2471 1153 2554 piorum
1162 2477 1218 2535 tm

120 2576 312 2659 impiorum:
345 2577 432 2641 cons.
457 2576 539 2641 Not.
567 2579 610 2641 ad
635 2597 669 2642 v.
692 2577 758 2642 008
782 2575 881 2659 hujus
905 2572 992 2638 libri.
1047 2568 1218 2637 Exornant

121 2676 275 2760 Elysium
303 2677 485 2754 Hesiodus,
512 2679 586 2742 inde
615 2676 779 2744 Pindarus
805 2676 860 2741 01.
887 2692 929 2752 11,
956 2675 1024 2739 123
1045 2695 1163 2760 seqq.:
1185 2668 1218 2734 dr

121 2778 243 2862 quibua
265 2778 332 2840 alio
347 2779 422 2841 loco
438 2779 561 2843 dicttrm
575 2778 721 2863 (Opusc.
737 2780 835 2843 Tom.
854 2795 880 2856 1,
894 2798 929 2860 p.
945 2777 1010 2841 397
1028 2796 1127 2861 seqq.
1142 2767 1218 2855 1001

123 2876 171 2944 At
183 2879 218 2943 in
234 2877 324 2942 Orco
336 2880 432 2942 novis
454 2880 580 2945 sabulis
594 2882 786 2944 exomnndo
811 2878 965 2963 inprimis
988 2877 1163 2942 hominum
1180 2876 1218 2938 in

124 2981 220 3064 genia
233 3000 269 3045 se
283 3001 473 3058 exercuere,
498 3002 575 3046 cum
597 2985 632 3046 in
655 2984 866 3059 carminibus,
886 2979 1006 3047 lumin
1021 2978 1173 3062 picturis,
1191 2978 1218 3037 10

96 3072 105 3083 ”
125 3085 227 3168 paulo
240 3090 314 3148 autc
327 3083 453 3147 dictum
466 3090 529 3149 est.

170 3186 250 3252 Non
275 3189 373 3269 igitur
396 3207 464 3249 rem
489 3206 611 3250 novam
638 3192 672 3249 ct
693 3183 873 3248 inauditam
897 3186 1108 3246 commentus
1131 3174 1217 3244 videri

125 3291 226 3355 debet
238 3289 349 3374 poeta,
366 3307 443 3352 curn
459 3289 655 3350 descensum
680 3287 796 3350 AEneae
823 3284 865 3348 ad
888 3283 1018 3347 luseros
1035 3284 1172 3346 carmini
1184 3281 1219 3343 in·

126 3398 265 3456 texeret.
312 3390 489 3453 Enimvero
503 3391 626 3471 ingenii
650 3391 702 3453 sui
725 3389 828 3453 divini
843 3388 1035 3451 felicitatem
1051 3379 1220 3449 declararit

126 3493 163 3556 in
181 3492 257 3567 hoc,
274 3492 373 3574 quod,
389 3510 466 3554 cum
485 3509 525 3553 eo
540 3511 616 3555 aevo
639 3492 775 3566 vireret,
791 3509 858 3572 quo
875 3488 1019 3552 Graeciae
1036 3487 1188 3551 doctrina
1199 3486 1223 3545 el

127 3593 292 3675 sapientia
316 3595 399 3656 salis
419 3594 491 3675 jam
515 3593 649 3674 vulgata
663 3600 744 3669 erat,
768 3612 832 3655 non
848 3593 881 3653 in
895 3589 1018 3652 fabulis
1043 3587 1223 3650 Homerica

127 3694 238 3758 atatis
255 3698 432 3776 acquievit,
454 3695 511 3758 sed
533 3716 655 3759 novum
670 3715 741 3759 suae
759 3693 898 3776 Necyiae
916 3700 1081 3766 ornatum,
1096 3701 1229 3771 cumque

127 3796 298 3872 eximium,
314 3800 446 3877 paravit
457 3819 498 3861 ex
521 3799 739 3882 philosophiae
756 3796 906 3879 inprimis
927 3793 1117 3856 Platonicae
1132 3788 1233 3873 placi·

128 3900 192 3978 tis3
215 3899 406 3979 exquibus,
430 3902 492 3962 etsi
516 3902 647 3963 omnino
672 3901 754 3961 inter
772 3915 965 3978 magnorum
984 3890 1166 3979 poetarum
1186 3891 1234 3954 in·

129 4007 229 4064 venta
251 4002 350 4064 etiarn
373 3999 436 4062 boc
461 4010 522 4079 est,
549 4009 585 4067 ut
600 4002 750 4083 vulgares
772 4009 807 4064 et
829 3999 979 4063 indoctas
1001 3985 1235 4077 opinionesad

129 4102 397 4189 philosophicam
419 4102 565 4186 aliquam
586 4103 771 4167 doctrinam
794 4096 1063 4166 accommodent:
1096 4095 1162 4159 hoc
1185 4097 1232 4157 ta·
