2664 4686
171 325 260 393 ml
598 332 796 387 anabastra
818 337 855 386 v.

172 487 217 555 ad
231 485 368 570 Epirum
383 483 527 549 accessit
540 483 686 562 AEneas3
707 482 820 565 itaque
840 481 928 545 band
947 481 1099 546 multum
1113 479 1273 546 absum

172 589 289 655 fuisset
303 587 411 650 adbuc
425 592 590 669 superstes
601 583 774 667 Astyanax
792 585 834 647 ab
848 603 889 647 ea
903 588 1016 660 aetate,
1027 602 1103 667 qna
1117 581 1275 647 mmm

173 695 244 755 tum
256 695 334 752 erat.
373 687 607 752 Absolvendus
620 689 733 769 itaque
748 689 782 751 in
796 686 861 751 boc
875 686 973 751 Maro
989 687 1138 750 crimine
1149 684 1276 767 neglecti

151 872 154 877 ἱ
173 797 360 872 tempomm
374 789 507 854 ordinis.
552 788 696 853 Gravior
714 789 792 854 dica
806 790 984 853 oblivionis
998 787 1148 870 impingi
1162 790 1277 870 poterat

174 887 317 970 Virgilio
333 892 365 952 in
380 891 496 953 eodem
509 890 586 954 loco
601 889 642 953 de
656 887 899 968 Andromache,
914 890 1005 975 qood
1022 889 1086 953 illa
1102 886 1277 953 mant-

173 989 364 1072 managu,
385 1012 459 1055 num
481 994 596 1055 matris
612 993 744 1055 amissa
760 991 956 1055 desiderium
968 984 1117 1055 retineat
1136 1006 1195 1069 ιιι,
1210 988 1276 1065 an,

176 1109 253 1156 uum
275 1098 382 1156 tamen
408 1093 449 1157 de
472 1092 607 1157 Creusae
630 1093 697 1158 lato
719 1092 798 1155 nihil
818 1093 876 1156 illa
900 1092 1089 1174 comperire
1112 1091 1276 1176 potui-a

60 1282 73 1295 .
176 1191 246 1259 Sed
260 1194 369 1258 locum
383 1197 618 1278 interpolatum
633 1194 736 1259 videri
751 1195 1005 1258 declaravimus.

218 1294 258 1359 Si
280 1298 317 1360 in
337 1300 389 1362 bis
410 1297 520 1381 po'etae
542 1316 677 1361 causam
690 1297 755 1378 agi,
769 1296 1012 1360 conclamatam
1031 1294 1140 1358 aliam
1154 1312 1278 1360 caum

175 1415 251 1461 esse
264 1399 507 1477 standumst,
522 1400 668 1483 quando
679 1397 806 1480 duplici
827 1398 1014 1469 narratione
1029 1396 1179 1462 lielenre
1195 1412 1280 1461 recu·

177 1501 304 1582 paratio
318 1499 361 1562 ab
374 1518 416 1563 eo
429 1501 585 1583 exposita
598 1504 667 1562 est:
690 1497 748 1560 lib.
772 1497 1007 1580 vr,·510sqq.,
1028 1498 1063 1562 in
1085 1516 1172 1582 quo,
1187 1516 1281 1581 qum·
1325 1492 1327 1531 ³

178 1602 249 1663 tum
262 1601 419 1683 intelligo,
435 1601 607 1667 Arctinum
628 1601 664 1665 in
689 1599 746 1662 Ilii
768 1597 902 1663 excidio
921 1605 998 1663 ante
1022 1600 1148 1663 oculos
1166 1598 1280 1674 lubuit,

178 1705 214 1764 et
236 1700 295 1767 lib.
312 1719 353 1780 11,
373 1705 498 1788 567sq.
541 1701 666 1766 Verum
690 1701 725 1763 in
744 1701 809 1765 hoe
833 1700 915 1763 mihi
929 1716 1065 1764 ¹moram
1089 1700 1205 1766 facere
1224 1718 1283 1763 aaa

178 1798 269 1877 lieet,
289 1805 560 1888 quandoquidem
579 1803 622 1868 ad
643 1804 721 1885 ipsa
742 1803 820 1867 loca
839 1802 923 1867 satin
940 1802 1004 1866 bac
1026 1801 1072 1866 da
1089 1820 1129 1867 re
1148 1806 1202 1868 est
1222 1801 1283 1866 dire

178 1906 340 1986 immm-
992 1980 995 1985 .

225 2002 266 2067 In
290 2003 427 2069 excidio
454 2006 548 2068 urbis
572 2003 684 2089 'lrojae
712 2011 789 2069 sunt
810 2005 900 2071 baud
925 2022 1041 2089 pauca
1069 2006 1119 2071 ad
1145 2004 1285 2073 nasim

181 2122 313 2170 sennam
328 2125 446 2189 pamm
467 2106 679 2188 probabiliter
699 2112 844 2183 narrata,
865 2107 1015 2190 inprimis
1038 2126 1122 2191 quae
1137 2108 1182 2173 de
1195 2108 1287 2192 lique

181 2206 329 2291 Trojano
342 2208 497 2290 exposita
511 2212 605 2288 sunt3
628 2212 699 2271 tum
721 2207 763 2271 de
788 2207 944 2271 simulato
963 2206 1124 2273 discessu
1137 2215 1174 2275 et
1186 2208 1287 2275 cnse

182 2315 261 2390 post
274 2309 446 2374 Tenedum
459 2311 593 2388 latente,
617 2329 695 2394 quae
713 2316 827 2374 tamen
847 2310 958 2372 insula
978 2307 1011 2369 in
1032 2318 1287 2394 conspectant

183 2407 289 2494 Atqui
299 2412 415 2478 harum
429 2434 533 2477 rerum
547 2412 646 2477 fidem
661 2412 785 2476 nullam
797 2418 958 2494 praestare
970 2411 1071 2476 debet
1080 2412 1199 2496 poeta,
1209 2431 1288 2497 quar

183 2530 228 2575 ex
252 2516 398 2598 antiquis
415 2517 535 2599 mythis
558 2513 731 2598 poetarum
750 2514 889 2596 ingeniis
906 2514 1031 2577 omatis
1051 2502 1237 2581 asciveratt
1257 2514 1288 2578 ia

183 2613 236 2677 bis
261 2617 400 2697 ‘prisca
418 2616 500 2679 fides
524 2616 625 2692 sacto,
651 2615 711 2678 sed
734 2614 823 2678 sama
850 2613 1038 2697 perennis?
1059 2629 1120 2693 rx,
1141 2617 1205 2697 793
1226 2633 1289 2699 quo

73 2756 79 2764 -
185 2716 260 2796 ipse
273 2714 375 2797 poeta
389 2720 577 2796 argumento
596 2716 817 2778 narrationem
840 2715 883 2778 de
905 2716 1050 2780 navibus
1065 2717 1102 2780 in
1116 2715 1289 2801 Nymphas

185 2816 317 2879 mutatis
333 2820 451 2880 tuetur.

229 2916 387 2981 Paratum
401 2915 579 3000 Virgilium
594 2917 725 2981 laudem
740 2938 784 2982 ex
798 2937 838 2981 eo
852 2917 973 2981 habere
986 2917 1070 2993 dixi,
1086 2918 1182 3002 quod
1200 2919 1290 2984 fabu-

184 3021 236 3086 lus
258 3018 393 3104 Ulyssis
416 3026 449 3086 et
474 3039 617 3084 errorum
642 3019 714 3105 (τῶν
733 3017 870 3104 Νόστων)
890 3038 952 3083 suo
976 3020 1120 3084 carmini
1141 3020 1289 3098 intexuit,

185 3142 291 3206 eoque
305 3122 499 3187 varietatem
522 3143 562 3186 ac
585 3123 718 3205 copiam
739 3142 847 3185 rerum
865 3120 1100 3185 narrandarum
1113 3128 1233 3187 nactus
1245 3127 1291 3186 ert

185 3222 271 3308 (vid.
295 3223 448 3307 Disquis.
465 3239 490 3299 1,
513 3243 539 3286 s.
556 3226 653 3301 vrn).
700 3220 835 3304 Magnae
855 3222 889 3286 in
914 3221 967 3287 bis
985 3222 1134 3289 incidero
1155 3223 1292 3289 ἀοὶιιιαο

73 3401 75 3405 .
187 3323 407 3403 difficultates,
423 3344 499 3388 cum
513 3326 616 3388 multa
638 3345 659 3388 a
680 3324 820 3388 diversis
840 3330 971 3389 narrata
985 3330 1098 3389 essem
1109 3325 1200 3391 band
1214 3325 1291 3389 satia

186 3423 272 3489 inter
285 3443 322 3487 se
338 3428 570 3507 congruentia;
592 3427 695 3490 multo
717 3426 833 3508 magis,
849 3427 890 3503 si,
906 3425 996 3509 quod
1016 3425 1131 3504 docui,
1151 3425 1290 3508 ιιιςίωι

188 3526 300 3588 multis
314 3526 350 3588 in
364 3527 448 3591 locis
468 3529 645 3610 expressit.
692 3526 816 3590 Verum
838 3528 872 3590 in
893 3526 947 3589 bis
968 3527 1050 3590 sutis
1069 3533 1156 3605 arat,
1171 3529 1205 3603 si
1218 3525 1289 3591 nibil

189 3625 224 3688 in
245 3625 355 3707 ipsam
377 3630 595 3693 narrationem
617 3627 812 3704 admitteret,
832 3628 923 3711 quod
945 3626 1111 3693 dissidere
1135 3648 1159 3693 a
1182 3627 1289 3693 onas

190 3725 295 3790 videri
310 3736 444 3810 posset3
467 3735 503 3793 ut
523 3749 602 3794 vero
623 3729 704 3793 nibil
725 3735 916 3813 apponeret,
931 3729 1023 3812 quod
1035 3728 1121 3793 forte
1135 3748 1239 3793 rerum
1252 3725 1288 3789 ab

191 3826 268 3892 aliis
280 3837 483 3893 narratamm
493 3830 602 3894 ordini
613 3835 817 3941 ropuparet,
825 3829 861 3894 id
872 3849 933 3895 nec
944 3829 1129 3895 carendum
1141 3830 1207 3915 ipsi
1216 3831 1287 3899 erat,

136 4004 145 4025 ·
190 3947 268 3995 oum
281 3936 375 3993 extra
388 3935 567 4012 argumenti
589 3942 622 3998 et
643 3930 773 3996 consilii
796 3933 878 3996 lines
901 3934 1050 4016 positum
1075 3937 1177 4010 esset,
1191 3928 1286 3994 nacla

117 4060 154 4093 ω
192 4035 285 4096 mata
297 4031 521 4097 narrationum
536 4033 724 4099 diversitate
738 4037 850 4099 caveri
864 4037 983 4119 potuit.

233 4130 356 4217 ltaque
369 4134 451 4201 vitio
464 4136 550 4201 verti
565 4134 696 4203 Maroni
713 4150 781 4201 non
797 4141 920 4223 potest,
936 4133 1028 4224 qaod
1041 4128 1286 4201 mammillam
