2692 4974
408 339 460 389 an
483 339 656 390 nunrnos
679 341 753 391 ura.
778 342 836 390 rx.
1085 327 1180 397 w

81 481 292 549 affimant
317 480 452 549 additus
478 483 605 551 tuerat:
629 485 708 562 καὶὴ
730 483 877 574 Ἀφροδίτη
906 485 1017 550 diulus
1031 489 1178 568 caprarie-

81 584 149 665 ὗηῖ
177 581 298 663 arandus,
313 585 402 649 idem
416 584 559 651 Procles
575 586 752 652 seeundum
768 587 909 653 Carmen
924 586 1107 671 Cyprium.¹

107 685 200 752 Cum
222 686 360 771 'lrojam
384 689 593 766 accessisset,
607 706 626 752 e
640 690 811 755 societatis
831 709 907 783 oum
929 689 1067 753 Priamo
1089 688 1172 773 lege,

81 787 281 853 danxilium
295 787 400 865 leret,
418 788 568 853 simultas
592 790 675 853 inter
698 791 806 873 ipsum
821 796 856 854 et
882 790 1052 854 Priamum
1077 789 1173 857 Pria·

81 888 181 972 alque
194 888 283 955 filios
305 888 481 969 inciderat;
503 891 592 956 unde
606 895 639 954 et
652 891 751 954 irasci
776 911 852 954 eum
873 891 1008 956 PrIamo
1034 899 1068 958 et
1087 914 1174 978 pug-

81 1007 143 1055 am
154 987 336 1055 detreem
350 988 502 1072 suspicio
516 997 605 1055 erat:
631 990 730 1056 Iliad.
743 999 783 1069 N,
808 992 874 1057 459
889 1011 941 1077 sq.
986 993 1173 1061 Refrinisse

81 1088 173 1157 laert
187 1096 330 1174 possunt
343 1091 445 1155 animi
464 1110 507 1155 ea
520 1090 561 1155 de
576 1111 689 1169 causa,
705 1092 796 1178 quod
810 1094 935 1158 AEneas
948 1114 1070 1178 magna
1082 1097 1173 1181 apud

81 1188 233 1276 trejmos
246 1194 440 1257 aumoritate
451 1192 605 1257 utebatur
619 1191 719 1257 Iliad.
734 1202 773 1272 Δ,
787 1193 842 1259 58.
864 1193 973 1258 Αἰνείαν
987 1191 1061 1274 8,ὃς
1077 1196 1171 1284 Τρωσὶ

81 1291 120 1368 ῆς
133 1288 173 1367 ὃς
186 1291 262 1356 clero
275 1292 356 1378 δήμῳ·
367 1301 401 1359 et
420 1302 459 1373 Ε,
481 1295 558 1360 467.
574 1293 597 1360 8
610 1302 642 1359 et
656 1294 748 1377 quod
770 1295 903 1360 sublata
917 1296 1043 1362 Priami
1066 1298 1172 1383 stirpe

81 1412 201 1496 sgnrnp
215 1395 280 1459 sibi
303 1396 492 1479 promittere
506 1397 600 1460 visus
625 1403 707 1462 erat.
751 1396 802 1462 Eo
817 1400 905 1462 enim
931 1398 1048 1463 alludit
1072 1398 1171 1466 Iliad.

81 1498 106 1575 l,
120 1495 190 1563 18⁰
229 1495 405 1577 Ἐλπόμννον
428 1495 570 1584 Τρώεσσιν
591 1495 701 1574 ἀνάξειν
716 1497 894 1578 ἱπποδάμοισι
913 1497 1016 1583 (μετὰ,
1031 1497 1093 1584 διὰ)
1123 1510 1172 1565 Τν·

81 1600 120 1675 ῆς
135 1599 194 1676 ’τῆς
223 1598 366 1686 Πριάμου·
402 1600 464 1665 etsi
492 1619 552 1663 eos
579 1618 695 1664 versus
720 1601 848 1684 judicio
881 1619 943 1664 suo
972 1603 1171 1681 sustulerant

81 1699 285 1767 Inmrnatiei
313 1706 452 1767 veteres.
496 1699 586 1764 Inter
614 1698 772 1764 Paridem
796 1700 943 1764 maxime
967 1706 1002 1766 et
1019 1701 1170 1768 ⁸Almanam
1297 1777 1300 1781 ,

81 1799 149 1866 dia
162 1802 328 1866 exarsisse
343 1801 554 1866 Menecrates
569 1798 743 1865 Xanthius
757 1801 936 1866 tradiderat
946 1823 958 1868 :·
970 1803 1014 1867 cl.
1026 1802 1168 1893 Dionys.

81 1900 151 1969 Ial.
168 1918 194 1980 1,
208 1903 264 1968 48.

103 2003 227 2071 AEueoe
248 2024 302 2069 res
315 2011 428 2088 gestas
448 2006 493 2069 ab
507 2004 657 2070 Homero
672 2010 819 2070 narratas
834 2025 878 2069 ex
903 2005 1013 2070 Iliade
1036 2011 1168 2072 eneam

81 2104 148 2173 dllil
173 2106 298 2171 attinet
341 2103 560 2188 Congressum
588 2105 661 2188 ejus
676 2125 750 2169 cum
778 2104 942 2170 Diomede
965 2104 1062 2170 Iliad.
1084 2112 1111 2167 Ε
1136 2111 1170 2170 et

81 2207 204 2275 lterum
223 2203 300 2271 cum
313 2205 445 2270 Achille
469 2204 568 2271 Iliad.
586 2207 693 2289 lipsa
712 2205 876 2288 Virgilius
889 2206 1010 2288 attigit,
1024 2205 1102 2269 dum
1114 2207 1168 2270 bis

81 2328 187 2395 mgna
210 2307 400 2372 discrimine
425 2313 573 2390 ereptum
590 2324 666 2369 eam
680 2325 703 2369 a
716 2305 844 2371 Venere
859 2307 906 2370 ait
930 2306 1009 2368 AEu.
1024 2321 1077 2382 ru,
1091 2305 1168 2372 228.

81 2430 106 2477 n
129 2414 312 2476 casnetum
327 2409 573 2492 oppugnatione
585 2426 719 2471 nname
741 2409 857 2473 turmis
878 2407 1019 2473 ducebat
1039 2406 1167 2472 AEneas

81 2510 164 2579 lim.
178 2518 223 2589 Μ,
244 2510 299 2576 98.
314 2517 353 2589 Ν,
368 2511 446 2576 459.
461 2510 526 2576 468
541 2530 605 2593 sq„
628 2510 747 2574 iterum
760 2509 795 2572 iu
816 2528 928 2593 pugna
942 2508 1033 2573 circa
1046 2507 1168 2574 Patro·

81 2613 224 2679 liooeisi
237 2632 358 2695 eorpus
373 2632 449 2677 cum
472 2613 618 2677 Hectore
633 2612 758 2693 primas
780 2615 890 2694 partes
904 2610 972 2692 agit
985 2617 1022 2687 Ρ,
1036 2609 1102 2675 484
1114 2629 1166 2693 sq.

81 2712 155 2795 luae
169 2720 249 2798 post
272 2713 389 2779 Iliadis
403 2713 584 2796 argumenti
606 2719 758 2797 tempora
772 2717 865 2794 gesta
879 2717 966 2789 nunt,
989 2712 1025 2776 in
1040 2709 1167 2789 Quinto
1302 2790 1305 2795 ‚

81 2817 237 2901 lmgmaeo
259 2834 457 2898 cognoscere
470 2815 559 2879 licet.
605 2812 751 2877 Fuerant
764 2812 851 2877 enim
876 2813 993 2878 AEneae
1007 2818 1120 2895 partes
1133 2811 1168 2876 ln

81 2914 218 2984 unibus
232 2914 299 2978 lere
313 2915 460 2997 praeliis:
478 2913 565 2977 unde
576 2933 651 2996 sup.
664 2913 743 2975 AEn.
759 2930 784 2989 1,
799 2911 865 2977 492
880 2912 948 2976 dici
961 2917 1092 2995 poterat
1106 2917 1116 2946 ‘
1130 2931 1169 2977 se

81 3034 196 3103 pque
209 3015 417 3099 principibus
430 3014 631 3096 permixtum
646 3012 781 3093 agnovit
794 3008 957 3075 Achivis?
1000 3010 1055 3075 Ita
1067 3012 1168 3076 inter·

81 3119 126 3185 ut
138 3135 261 3202 pugnae
273 3133 349 3179 cum
363 3114 573 3178 Penthesilea
586 3133 642 3196 ap.
656 3111 815 3176 Tzetzam
829 3110 999 3175 Posthom.
1012 3111 1068 3175 52.
1082 3113 1166 3177 157:

81 3236 224 3302 npugrra
236 3236 336 3300 super
350 3215 492 3281 Achillis
506 3234 643 3299 corpore
651 3213 838 3279 amemur
851 3212 978 3276 AEneas
986 3214 1029 3276 ab
1043 3210 1167 3296 Ajaoe:

81 3336 122 3403 p.
138 3315 301 3396 innarm
312 3333 369 3395 ur,
384 3316 449 3382 281
463 3335 516 3401 sq.
530 3317 604 3399 ipse
618 3313 761 3400 Ajacem
772 3312 861 3378 Oilei
876 3312 1026 3379 vuluerat
1038 3315 1073 3377 in
1083 3332 1168 3396 pug-

81 3436 109 3485 a
119 3422 201 3505 post
213 3416 374 3502 Eurypyli
385 3416 580 3481 adrentum:
607 3433 657 3493 vr,
670 3416 735 3480 520
750 3434 801 3499 sq.
823 3413 954 3479 Eminet
965 3415 1039 3500 ejus
1059 3415 1168 3480 virtus

81 3536 231 3602 npngna,
249 3536 316 3599 qua
339 3516 535 3582 Philoctetae
561 3516 685 3599 sagitta
707 3515 805 3580 Paris
827 3516 1034 3582 vulneratur:
1058 3532 1099 3594 X,
1112 3516 1169 3583 28.

81 3620 114 3687 8.
128 3619 205 3685 112.
227 3615 276 3682 At
299 3637 341 3683 eo
354 3637 446 3685 caeso
467 3619 573 3684 multo
600 3619 709 3700 magis
737 3635 792 3696 xr,
813 3619 869 3683 41.
899 3618 965 3682 129
989 3639 1042 3702 sq.
1062 3618 1168 3682 abiet
1296 3700 1299 3710 ἱ

81 3721 177 3817 l'netis
192 3721 238 3785 ab
252 3739 293 3784 eo
317 3722 438 3785 avertit
452 3719 710 3803 Neoptolemum
725 3721 802 3784 240.
826 3739 905 3784 mox
919 3739 939 3782 e
953 3738 1066 3802 pugna
1089 3738 1168 3783 eum

81 3822 171 3890 ducit
191 3822 312 3888 Venus
325 3822 402 3889 289.
447 3822 488 3887 In
510 3822 755 3907 oppugnatione
770 3821 826 3886 Ilii
851 3825 903 3885 est
921 3820 1006 3886 inter
1020 3839 1167 3903 propug-¹

81 3931 193 3994 amnes
218 3925 390 4005 damaris,
407 3925 552 4005 xr,354.
575 3923 833 3990 aaa.439.474.
879 3921 932 3988 Ea
949 3926 1072 3998 autem,
1086 3938 1165 4004 qum

564 4071 672 4125 uem.

472 4153 801 4252 *mmmm‘
