2664 4686
470 319 521 367 an
543 317 716 370 mnuroos
740 319 814 371 uia.
838 322 871 366 v.
1133 308 1220 386 4199

106 461 316 540 varietatem,
328 480 369 525 ne
383 467 531 528 extrema
545 464 767 546 navigationis
783 483 863 549 pars
878 471 912 530 et
924 466 1082 551 trajecms
1097 488 1117 539 e
1132 468 1220 541 Sici,

107 561 158 627 lia
171 561 210 625 in
224 559 360 635 ltaliam
375 565 465 628 omni
479 583 561 629 casu
574 573 719 631 vacaret.
745 565 898 632 Tandem
911 588 1031 639 novam
1044 571 1091 635 rei
1107 573 1222 647 anstai.¹

108 667 213 729 tatem
227 663 410 728 Homerica
424 665 605 729 imitatione
620 666 754 748 affudit3
769 689 846 734 nam
861 670 985 755 Odyss.
998 679 1034 749 Γ,
1049 672 1116 740 278
1124 692 1219 759 seqq.
1237 738 1242 744 .

110 762 268 831 Phrontis
289 763 436 831 Menelai
451 766 647 849 gubernator
660 769 695 832 in
708 770 819 836 medio
834 790 933 837 cursu
947 772 1081 840 occidit.

504 1083 818 1099 m

401 1280 784 1361 Excessus
816 1286 929 1362 vill.

350 1486 497 1540 SOMNUS
515 1489 739 1543 PALINURUM
757 1490 981 1544 orrnmrmts.

155 1684 192 1748 v,
215 1667 282 1734 838
303 1689 357 1753 sq.
383 1669 495 1736 ‘Cum
522 1673 607 1738 levis
636 1673 781 1739 aetheriis
810 1673 972 1757 delapsus
1002 1669 1146 1737 Somnus
1174 1673 1218 1738 ab
1302 1693 1308 1702 ·

110 1770 212 1834 miris
240 1768 334 1835 aaa
363 1770 503 1853 dimovit
524 1775 747 1853 tenebrosum,
773 1780 807 1841 et
829 1774 969 1858 dispulit
992 1773 1140 1853 umbras,
1157 1772 1219 1855 Te,

110 1868 283 1949 Palinure,
294 1878 422 1956 petens,
434 1874 495 1939 tibi
507 1876 616 1942 tristia
631 1877 762 1943 somnia
776 1876 932 1965 portans!
971 1876 1121 1962 Operose
1135 1876 1220 1941 satia

109 1993 185 2058 pro,
202 1973 346 2041 Somnus
360 1975 493 2042 devolat
507 1978 593 2043 aare.
637 1978 814 2065 Antiquior
828 1981 902 2046 haec
912 1986 965 2044 est
985 1977 1101 2044 Somni
1115 1970 1220 2041 advo·

110 2075 209 2141 candi
239 2080 334 2156 ratio,
361 2080 627 2166 quandoquidem
665 2083 756 2167 apud
794 2083 980 2148 Homerum
1015 2079 1149 2164 Jupiter
1176 2077 1219 2144 de

97 2173 259 2264 Olympo
284 2179 444 2245 Somnum
468 2183 568 2248 mittit
589 2184 688 2249 Iliad.
716 2191 755 2262 Β,
782 2185 814 2249 6.
842 2205 893 2267 sq.
947 2181 1148 2264 Quanquam
1176 2177 1219 2243 ob

110 2277 206 2345 aare
233 2283 427 2367 simpliciter
455 2286 565 2367 accipi
593 2292 704 2369 potest
732 2288 835 2351 otiam
863 2285 905 2348 de
930 2282 1126 2363 advolante;
1153 2300 1219 2366 quo

111 2378 227 2448 Burm.
242 2391 392 2467 spectare
407 2386 548 2452 videtur.
592 2386 748 2453 Ornatior
762 2388 822 2452 illa
842 2387 927 2452 ratio
942 2384 1033 2468 apud
1048 2383 1219 2449 Tibullum

111 2485 191 2562 11,l
213 2492 309 2564 extr,
334 2491 372 2550 ut
395 2488 428 2551 ln
452 2486 572 2552 Noctis
592 2488 751 2553 comitatu
769 2489 826 2552 ille
851 2485 982 2552 incedat
1001 2505 1058 2569 per
1074 2484 1218 2550 coelum:

110 2606 144 2651 v.
159 2587 207 2650 ib.
224 2587 305 2652 Not.
349 2587 396 2652 At
409 2589 467 2654 alii
482 2591 604 2673 poiitae,
616 2591 789 2656 variandae
802 2591 849 2654 rei
870 2594 903 2653 et
926 2587 1062 2673 majoris
1077 2585 1218 2651 delecta-

111 2690 210 2754 tionis
226 2709 342 2767 causa,
353 2691 453 2755 modo
461 2693 495 2755 in
510 2691 642 2770 Inferis,
656 2693 756 2758 modo
768 2694 801 2757 in
815 2711 918 2775 specu
931 2689 974 2754 ad
990 2689 1080 2753 littus
1092 2685 1220 2753 Oceani

110 2790 339 2868 occidentalis,
353 2792 454 2856 modo
470 2793 503 2856 in
515 2792 713 2873 Cimmeriis,
729 2794 841 2858 sedem
857 2793 983 2863 Somno
994 2792 1218 2873 assignavere,

112 2898 148 2956 ut
176 2892 252 2976 ipse
281 2891 449 2956 Homerus
477 2894 513 2957 in
543 2894 668 2958 Lemno
697 2915 772 2958 eum
802 2895 1027 2959 collocaverat
1055 2890 1155 2957 Iliad.
1180 2896 1218 2968 Ξ,

110 2993 176 3058 230
190 3014 242 3076 sq.
287 2993 446 3059 Similiter
467 3016 549 3060 mox
570 3018 605 3063 v.
630 2997 804 3060 854-856
823 2995 968 3058 Somnus
989 2989 1118 3055 Lethea
1133 3012 1219 3077 aquo

113 3094 249 3181 aspergit
273 3091 376 3158 oculos
401 3096 564 3172 Palinuri,
587 3105 625 3161 ut
650 3117 726 3161 eum
749 3097 871 3178 sopiat,
897 3114 986 3158 nova
1004 3096 1050 3157 rei
1064 3095 1218 3177 imagine,

113 3195 209 3279 cujus
231 3197 328 3262 lineae
347 3198 382 3261 in
404 3197 561 3281 Apollon.
586 3216 637 3275 iv,
662 3199 726 3263 156
749 3218 824 3282 sqq.
845 3200 970 3260 extant.
1014 3192 1116 3276 Apud
1132 3193 1219 3260 alios

112 3297 227 3380 poetas
242 3295 356 3362 afflatu
370 3299 496 3362 alarum
514 3319 646 3362 suarum
669 3300 834 3383 consopit,
850 3317 937 3382 quos
958 3297 1039 3373 vult,
1056 3295 1219 3378 Somnus;

112 3405 146 3465 ut
163 3399 239 3484 jam
253 3398 355 3482 Orph.
375 3398 498 3483 Argon.
513 3401 610 3466 1009.
655 3399 787 3465 Gallim.
811 3401 846 3464 in
871 3399 945 3464 Del.
967 3398 1044 3477 239,
1067 3416 1130 3461 nee
1153 3397 1219 3464 hoc

104 3494 269 3580 -insuave3
300 3506 338 3565 ut
363 3520 425 3565 nec
455 3502 540 3565 ratio
564 3502 721 3584 vulgaris,
752 3523 828 3567 cum
857 3501 1000 3566 Somnus
1025 3519 1128 3565 cornu
1154 3519 1219 3565 suo

114 3620 263 3686 soporem
291 3603 440 3669 effimdit.
499 3602 614 3668 Potest
641 3609 752 3668 tamen
777 3605 921 3668 Somnus
947 3603 1047 3667 nimis
1076 3603 1219 3686 opipare

115 3712 280 3790 apparatu
293 3705 326 3769 h.
339 3706 361 3769 l.
376 3705 528 3770 inductus
542 3705 648 3770 videri
671 3707 707 3770 in
729 3727 764 3769 re
786 3708 869 3771 satis
892 3705 983 3770 tenui
1006 3710 1039 3770 et
1060 3704 1103 3768 ad
1129 3722 1218 3769 sum·

115 3824 200 3872 mum
214 3808 337 3872 nullius
351 3809 518 3872 momenti.
562 3807 744 3872 Graviores
759 3807 876 3871 Somni
899 3813 1009 3889 partes
1032 3811 1107 3869 sunt
1128 3805 1218 3889 apud

118 3902 299 3973 Homerum
324 3907 422 3973 Iliad.
450 3917 487 3988 Ε,
513 3930 589 3974 cum
614 3909 746 3994 Jupiter
764 3916 853 3974 esset
872 3909 1065 3993 sopiendus.
1111 3906 1218 3989 Igitur

119 4015 262 4085 ornatum
283 4010 394 4075 locum
416 4013 502 4078 hunc
524 4033 599 4078 esse
621 4014 782 4090 dicemus,
805 4017 839 4077 et
862 4030 1009 4088 suavem,
1033 4009 1093 4074 sed
1106 4006 1217 4091 poeta

122 4111 219 4193 magis
233 4112 376 4196 ingenio,
390 4133 491 4198 quam
509 4114 617 4198 epicae
636 4113 824 4200 πραγματείᾳ
839 4113 997 4179 debitum.
1042 4109 1134 4174 Nam
1146 4114 1218 4177 tota
