2692 4974
432 372 444 385 -·
498 348 534 403 a.
555 345 738 406 vincitur<
774 380 809 390 -·
1084 336 1174 409 m

99 491 160 555 let
173 492 287 565 debota
304 500 438 572 prostant
451 494 593 557 lectiones
607 505 754 576 excerptae
767 495 798 555 in
810 464 882 557 edat.
892 488 1017 561 Martini
1033 497 1154 563 Scilicet
1165 492 1170 545 Ᾰ

480 594 496 626 ⁴
739 592 755 624 ⁸
1036 588 1050 601 ’“
1165 632 1168 637 .

105 702 181 747 xvr.
201 689 250 748 Jo.
262 687 563 766 Martinus-(Martyn)
579 688 607 747 in
622 706 675 748 sna
689 691 902 768 Georgicorum
912 692 1081 752 recensione
1093 701 1168 764 1741

109 783 189 854 1746
203 795 314 863 septem
331 784 500 844 codicuma
513 805 543 844 ae
555 795 792 864 comparatorum
806 788 961 849 varietates
976 788 1172 855 habuit..-Sed

99 897 127 943 tn
154 881 337 951 doctissimo,
368 881 455 957 cujus
482 881 593 960 alioqui
620 881 760 941 laudibus
787 883 858 942 nihil
884 884 1050 944 detractu·
1077 885 1174 961 velim,

99 993 187 1035 umen
203 977 264 1036 fere
279 976 426 1049 criticum,
448 978 627 1054 omninoque
651 978 708 1037 hoc
722 979 912 1039 accuratioris
926 979 1098 1041 eruditionis
1121 996 1173 1060 gea

99 1089 129 1144 u,
151 1070 265 1142 defuit;
288 1072 389 1151 itaque
412 1093 467 1133 nec
489 1074 559 1134 satis
582 1080 748 1141 accuratam
769 1074 799 1134 in
820 1076 855 1135 iia
875 1075 957 1136 libris
969 1077 1175 1156 encerpcudffi

99 1186 160 1248 que
173 1169 203 1227 in
217 1170 345 1247 antiquis
359 1169 549 1241 editionibus,
572 1170 768 1248 quasplures,
790 1169 951 1233 admodum
971 1191 1037 1234 raro
1055 1175 1173 1248 obviant

99 1263 144 1324 nd
158 1284 189 1324 se
203 1265 316 1336 hahuit,
330 1265 514 1326 excutiendis
527 1285 647 1344 operam
661 1267 776 1327 locasse
791 1266 916 1329 videtur.
949 1269 996 1329 lta
1009 1288 1065 1330 nec
1074 1269 1173 1331 minut

111 1361 203 1432 notis,
225 1361 301 1420 inter
319 1362 458 1439 plurimas
480 1363 611 1441 egregias
634 1364 865 1437 observationes,
886 1364 1173 1427 maurannus

99 1456 143 1518 ria
157 1476 283 1535 operose·
293 1459 404 1536 erponi
418 1458 527 1519 videas.
569 1461 644 1519 Sunt
654 1469 750 1521 autern
764 1462 903 1523 codicum
918 1461 1171 1535 Martinianoruarr

101 1552 211 1632 quibus
225 1562 322 1614 tamen
336 1554 420 1626 nihil,
444 1557 524 1635 quod
549 1557 714 1635 insignioris
736 1568 817 1619 notar
838 1568 924 1629 essct,
942 1559 1091 1638 prolatum
1111 1576 1173 1619 mea

99 1649 144 1721 ini,
164 1650 283 1709 nomina
296 1650 327 1710 in
342 1651 425 1728 praei.
438 1651 476 1711 ad
492 1653 638 1731 Georgica
651 1653 731 1734 nude
745 1665 932 1716 enumerata:

101 1745 206 1809 Codex
221 1747 339 1824 Regius,
360 1768 377 1807 e
393 1746 574 1808 bibliotheca
587 1749 678 1826 Regia
693 1750 882 1810 londinensi.

101 1841 207 1904 Codex
220 1843 479 1921 Cantabrigicnsis,
500 1842 668 1904 ebiblioth.
683 1845 775 1923 Regia
789 1845 958 1924 Cantabrig.
1121 1882 1129 1899 ·
1165 1883 1169 1895 ·

99 1937 207 2009 Codex
219 1938 409 2013 Bodleianus‚
430 1940 601 2015 ebiblioth.
616 1940 727 2002 Bodlei.
749 1942 919 2005 Oronicusi.
1016 1939 1021 1953 ⁸
1113 1986 1117 1993 -

100 2035 173 2095 Duo
186 2034 388 2096 Arundeliani.
1162 2080 1167 2089 ·

100 2133 175 2201 Duo
197 2133 368 2202 Meadiani;
391 2151 467 2210 quos
491 2133 563 2192 olim
585 2133 623 2193 ab
650 2133 806 2195 immortali
829 2135 911 2206 Viro,
934 2132 1021 2195 llich.
1036 2131 1170 2209 Meadio,

99 2228 257 2291 rioblatos
283 2230 316 2289 P.
345 2230 528 2289 Burmannus
556 2231 732 2309 neglexerat,
770 2243 802 2292 ut
829 2253 847 2291 e
877 2231 962 2310 praef.
992 2230 1031 2292 ad
1065 2231 1169 2311 virgil.

99 2335 194 2404 parer.

101 2534 192 2580 xvtt.
214 2521 289 2586 Sunt
311 2539 430 2600 quoque
455 2521 609 2593 editiones,
630 2523 660 2582 in
685 2522 793 2601 quibus
814 2522 901 2582 varia
921 2521 1058 2588 lectionis
1075 2536 1169 2600 appas·

99 2624 142 2676 tua
154 2617 314 2695 apponitur
337 2636 396 2676 non
417 2636 453 2675 ex
469 2636 547 2677 novo
567 2626 598 2678 et
620 2619 733 2678 intacto
747 2616 830 2679 fonte
844 2619 965 2690 ductus,
986 2636 1089 2679 varum
1107 2627 1172 2678 tam

99 2732 182 2774 ame
199 2714 322 2785 diversis
337 2715 418 2775 uenis
439 2715 468 2773 in
490 2735 581 2775 unum
595 2715 709 2776 alveum
724 2715 896 2776 corrivatus.
939 2714 1094 2792 Ejusmodi
1114 2714 1171 2794 syl&

99 2810 129 2870 la
142 2811 229 2870 variae
243 2811 376 2871 lectionis
400 2831 436 2870 ex
457 2812 520 2872 aliis
544 2811 614 2873 edd.
630 2822 779 2892 congestae
794 2812 933 2888 subjecta
944 2821 990 2871 est
1001 2810 1041 2870 ad
1059 2810 1170 2881 calcem

100 2905 133 2967 it.
149 2906 303 2986 Knapton,
345 2908 419 2968 Alia
432 2907 462 2967 iu
476 2907 710 2985 antiquioribus:
743 2917 775 2968 ut
799 2908 829 2967 in
847 2907 917 2967 edu
937 2904 1118 2965 Fabricianis
1138 2913 1171 2966 et

99 3003 288 3074 rsilaensibua,
310 3014 373 3064 tum
389 3004 417 3064 in
433 3005 522 3065 Henr.
535 3005 674 3082 Stephani
690 3005 772 3076 edit,
784 3023 872 3082 porro
887 3004 916 3061 in
929 3001 999 3073 edd,
1013 3002 1169 3063 Pulmann.

99 3118 137 3159 ox
151 3099 180 3159 in
196 3100 332 3169 Eizevir„
355 3110 387 3160 ut
412 3099 605 3172 16221636,
627 3100 796 3176 subjectum
811 3099 897 3159 video
910 3097 950 3156 ad
974 3097 1085 3156 calcem
1106 3095 1169 3155 ani·

99 3186 300 3255 adversionum
314 3195 455 3266 libellum,
478 3196 505 3254 in
531 3196 637 3274 quibus
661 3197 738 3268 loca,
761 3214 910 3274 perpauca
932 3203 1038 3265 tamen,
1061 3192 1170 3252 conatis

99 3300 195 3364 untur,
214 3291 342 3352 maxime
366 3311 383 3350 e
409 3291 552 3352 florentis
577 3293 749 3365 Christiani,
772 3292 895 3371 Joaephi
917 3288 1067 3369 Scaligeti,
1090 3287 1169 3349 Petri

99 3387 195 3449 civerii
208 3398 239 3448 et
253 3388 330 3447 Dan.
345 3387 459 3447 Heinsii
473 3387 585 3448 critica.

101 3594 209 3640 xvrrr.
230 3579 374 3639 Proechra
388 3580 486 3658 aliqua
504 3589 536 3640 et
559 3581 616 3643 rari
631 3582 759 3660 exempli
779 3581 961 3642 humanitate
981 3599 1019 3640 ac
1040 3581 1170 3641 henevos

99 3674 530 3755 rmb.tu1.car.smtaegeri,
553 3677 655 3736 usibus
669 3678 776 3738 nostris
791 3677 883 3737 oblati
901 3686 932 3738 et
950 3677 988 3738 ad
1011 3696 1065 3736 uos
1088 3676 1171 3745 missi

99 3779 131 3832 at
145 3771 273 3832 Codices
288 3792 305 3832 e
318 3770 504 3832 Bibhotbeca
514 3773 659 3833 Gothana
674 3781 747 3833 tres:

102 3869 231 3930 Prinas
246 3886 375 3945 pergam.
397 3869 514 3929 octonis
532 3879 614 3931 cont.
630 3871 781 3942 Bucolica,
803 3870 953 3948 Georgica
962 3879 994 3931 et
1006 3867 1170 3942 AEneidem.

99 3963 111 4025 Ι
125 3965 238 4025 calcem
253 3965 425 4042 Calphurnii
439 3968 557 4047 Eclogm
572 3977 703 4046 septem
723 3967 817 4028 nitide
839 3968 976 4045 scriptas,
1001 3966 1092 4026 literis
1115 3966 1171 4026 ini-

99 4059 184 4123 libus
193 4061 316 4136 auratis,
337 4081 438 4124 recena
461 4071 567 4138 tamen,
588 4073 621 4146 et
635 4064 690 4125 uix
711 4074 780 4126 ante
802 4084 877 4125 smus
900 4079 946 4124 xv
967 4060 1106 4139 scriptus,
1129 4062 1173 4133 oh
