2664 4686
234 181 321 248 ΔΜ
660 186 859 241 EXGURSUS
883 190 916 236 V.

234 342 354 407 tiorum
368 333 517 420 egregius
530 333 664 413 uniter,
674 352 751 400 cum
760 338 795 397 et
807 332 890 417 ipsis
903 329 1014 416 potitis
1027 347 1106 397 eam
1115 329 1298 414 mensdp

234 450 302 507 tem
316 443 351 504 et
363 439 406 503 eb
422 436 572 505 Homero
593 435 693 520 (utin
706 436 784 520 ipso
797 433 958 518 Neptuno
972 431 1097 518 Odyss.
1113 439 1154 497 Ε.
1168 430 1230 497 282
1241 426 1301 513 sqq.)
1331 496 1332 522 ,

235 551 268 608 et
291 543 565 627 praestantissimo
590 559 723 624 quoqne
748 537 850 623 po'eta
871 539 1082 601 observatum
1105 555 1181 599 esse
1204 534 1305 608 dicere,

235 650 272 709 ut
297 643 488 724 dignitatem
502 647 536 706 et
549 642 753 725 majestatem
776 640 922 704 Deorum
941 637 1039 702 etiam
1060 636 1095 699 in
1114 637 1168 699 ira
1180 635 1231 698 vel
1242 633 1306 698 exui

235 746 359 810 tatione
374 744 482 808 aliove
498 742 617 807 affectu
635 742 736 809 animi
759 745 935 818 servarent,
958 741 1054 822 eique
1077 739 1240 803 hactenns
1256 753 1310 800 oon

236 845 388 923 sulerent,
412 865 453 908 no
474 844 594 909 faciem
614 848 671 908 ant
695 843 745 906 ira
764 846 939 907 tumentem
959 846 1017 905 aut
1035 840 1162 904 rictum
1180 836 1314 903 cachinno

236 945 418 1025 diductum,
447 947 624 1027 legentium
654 947 765 1008 sensui
794 944 983 1029 objicerent.
1040 940 1154 1031 Etiam
1184 941 1220 1006 in
1248 937 1317 1003 illis:

236 1052 246 1087 ⁶
260 1046 355 1124 Quos
368 1046 532 1129 ego—sed
545 1044 689 1129 praestat’
710 1043 878 1128 placidam
899 1044 989 1108 illurn
1010 1043 1076 1107 Dei
1091 1042 1321 1126 majestatm

236 1147 337 1234 pocta
358 1167 433 1212 esse
455 1147 632 1232 proditam.
676 1147 852 1229 Tanquam
870 1146 1011 1210 numinis
1033 1145 1147 1228 itaque
1169 1141 1324 1227 propriu!

237 1249 368 1313 omnino
381 1249 570 1313 habendum
584 1269 659 1312 esse
681 1245 840 1331 placidum
854 1255 960 1330 caput,
982 1245 1069 1329 quod
1089 1248 1123 1308 et
1144 1243 1327 1327 placatoet

134 1338 138 1343 ⁸
234 1352 321 1417 irato
336 1350 489 1418 convenit
502 1370 542 1414 ao
556 1356 678 1428 meoet,
695 1350 845 1434 adeoque
858 1348 892 1412 h.
904 1349 927 1413 l.
943 1348 1026 1412 mari
1047 1345 1152 1413 efferri
1175 1339 1327 1411 munet

235 1456 333 1521 irato.
376 1455 444 1520 Sed
459 1475 520 1520 nec
535 1454 645 1533 rideo,
660 1474 761 1538 quare
780 1449 923 1537 graviter
936 1458 1099 1523 commotus
1122 1449 1167 1515 de
1185 1448 1280 1532 gravi
1296 1462 1331 1513 Ι

236 1557 424 1623 vehemente
440 1559 500 1637 ire,
521 1577 587 1640 qua
607 1556 849 1633 exardesceret,
873 1559 1044 1638 acceptum
1067 1553 1122 1617 sit.
1167 1551 1235 1621 Est

235 1657 316 1722 nihil
330 1656 420 1721 aliud
435 1678 546 1741 quam,
562 1658 652 1741 quod
667 1656 856 1740 Neptunus,
879 1675 955 1720 curn
968 1660 1074 1719 ortem
1087 1653 1215 1733 subito,
1232 1652 1241 1668 '
1249 1680 1257 1727 ζ
1274 1682 1276 1700 ,
1294 1681 1297 1705 ι
1313 1681 1318 1696 ,

237 1757 279 1822 do
293 1775 406 1835 causa,
422 1763 648 1840 tempestatem
663 1759 833 1834 sensisset,
847 1757 895 1820 rei
909 1754 1068 1819 miraculo
1081 1753 1241 1818 turbatur.
1295 1760 1303 1804 ἰ
1320 1780 1332 1798 ··

237 1857 455 1924 Homericum
486 1856 651 1942 συγχυθιὶς.
696 1857 800 1923 Effert
827 1859 939 1941 itaque
967 1861 1070 1939 caput
1095 1873 1208 1936 snum,
1249 1882 1274 1904 ··
1303 1880 1317 1899 ..

238 1978 304 2045 quo
319 1977 393 2022 esso
408 1959 503 2037 solet,
523 1955 661 2042 placido,
684 1960 741 2039 qui
758 1957 823 2022 Dei
844 1977 918 2022 esse
931 1958 1026 2034 solet
1069 1953 1184 2021 Anam
1209 1953 1305 2019 dnb'

236 2060 359 2125 tionem
373 2056 482 2121 facere
495 2058 613 2141 possit,
630 2057 719 2141 quod
743 2057 892 2140 Neptuni
914 2062 948 2120 et
968 2055 1100 2120 animus
1121 2059 1156 2119 et
1177 2074 1221 2119 os
1242 2061 1332 2138 atqu

236 2160 360 2237 vultus,
373 2158 632 2242 mythologorum
648 2177 689 2222 ac
707 2155 880 2241 poetarum
895 2175 1068 2234 consensu,
1088 2156 1191 2239 paulo
1207 2156 1326 2221 tristior

236 2259 417 2325 iracundus
436 2266 470 2324 et
491 2266 605 2323 torvus
627 2257 812 2334 exhibetur,
839 2256 989 2341 adeoque
1007 2254 1169 2340 placidum
1191 2264 1286 2342 caput
1317 2288 1320 2309 ι

237 2365 357 2445 preeter
383 2366 536 2423 naturam
562 2359 662 2422 tribui
688 2356 826 2422 videtur.
872 2356 981 2422 Multa
1004 2358 1059 2421 hic
1086 2356 1154 2422 diei
1176 2360 1316 2441 possunt

237 2463 364 2527 namin
378 2460 501 2525 talibus
514 2459 672 2523 disertum
692 2478 738 2521 ac
755 2459 891 2522 doctum
911 2477 986 2525 esse
1008 2478 1074 2523 non
1098 2458 1184 2523 adeo
1215 2459 1269 2512 ιῑι
1287 2487 1299 2513 ν
1326 2489 1332 2512 ›

237 2566 309 2641 est3
332 2560 391 2625 sed
406 2560 469 2622 etsi
485 2557 636 2640 Neptuni
650 2559 813 2640 ingenium
827 2566 862 2624 et
878 2578 918 2623 os
938 2560 972 2621 τὸ
994 2557 1137 2644 μειλίχιον
1156 2559 1260 2626 Jovis
1286 2591 1290 2612 ι
1306 2591 1328 2614 .-,

239 2681 370 2745 semper
384 2659 505 2723 habere
518 2659 614 2742 solet,
636 2664 745 2722 tamen
759 2660 828 2724 ista
844 2661 954 2725 vultus
967 2663 1111 2743 tristitia,
1133 2681 1205 2745 qua
1218 2681 1241 2728 a
1254 2660 1313 2731 Jo
1327 2694 1332 2715 ε

238 2761 442 2841 discernitur,
457 2779 523 2824 non
536 2760 578 2823 ed
593 2763 676 2825 iram
689 2780 731 2824 ac
745 2760 886 2826 furorem
901 2765 1067 2844 assurgit3
1090 2763 1148 2827 sed
1162 2768 1216 2828 est
1239 2791 1244 2802 ·
1262 2790 1266 2817 ι

238 2861 410 2938 severitas,
426 2861 530 2926 barba
543 2861 644 2944 paulo
657 2861 849 2943 hispidiore,
864 2882 962 2926 corna
976 2865 1082 2935 minus
1097 2870 1221 2945 comta,
1275 2894 1301 2921 ‚r
1319 2908 1332 2914 η

239 2967 417 3027 conuecta.
472 2960 509 3026 Si
533 2967 642 3026 autem
669 2960 842 3047 poetarum
862 2963 938 3027 loca
958 2971 1045 3042 sunt,
1074 2966 1255 3048 inquibus
1284 2996 1300 3022 r,

238 3064 432 3127 truculentia
454 3070 511 3128 aut
532 3063 633 3127 animi
656 3065 788 3129 saevitia
811 3065 912 3145 paulo
937 3065 1098 3147 insignior
1121 3067 1154 3129 ei
1179 3067 1307 3132 tribui·

239 3164 427 3242 videndum,
442 3184 484 3229 an
499 3164 598 3248 po'eta
612 3184 677 3230 non
691 3168 802 3249 potius
817 3168 930 3243 maris,
950 3168 1046 3251 cujus
1061 3169 1236 3250 imperium
1265 3178 1275 3225 t
1295 3200 1319 3225 a«

239 3263 348 3340 habet,
373 3264 540 3345 ingenium
562 3269 763 3347 respexerit;
787 3268 872 3330 utin
887 3267 963 3330 illo:
987 3270 1146 3351 ‘suisque
1168 3271 1323 3336 immuni

239 3364 360 3429 undis!
404 3364 579 3427 Hactenus
601 3364 644 3427 ad
659 3384 849 3430 communes
868 3369 1012 3432 rationes
1027 3389 1048 3430 a
1069 3389 1121 3430 me
1135 3369 1265 3452 dispu
1285 3399 1327 3428 ι...

128 3506 138 3519 ·
240 3470 321 3529 erat.
366 3464 466 3531 Nunc
488 3466 570 3530 illud
591 3469 754 3535 monebo:
777 3488 908 3534 ornnem
929 3467 1154 3535 difficultatem
1176 3473 1243 3538 sub
1265 3502 1268 3530 ε
1288 3502 1304 3527 ν
1326 3514 1329 3531 .

238 3584 312 3634 esse
325 3568 581 3651 interpunctione
594 3574 731 3641 mutate
747 3568 793 3635 V.
808 3569 892 3636 Var.
908 3571 1002 3636 leot.
1015 3573 1059 3636 ad
1073 3593 1106 3637 v.
1121 3573 1198 3669 13⁰?
