2664 4686
115 303 202 372 4206
511 322 706 375 nxcunsus
727 322 768 373 11.

116 466 174 533 alii
202 471 346 531 nostrum
377 463 486 554 Celerp
515 468 550 533 id
579 469 762 534 habendum
792 487 867 535 esse
894 474 1047 543 stabiam
1085 469 1192 556 (vernn

115 572 227 655 apium
240 571 274 635 in
289 571 435 657 AEgypto
449 593 486 637 se
499 575 658 658 reperisse
679 571 824 657 Alpinus
845 594 906 655 ror.
929 575 1073 661 AEgypt.
1097 592 1151 653 ιιι,
1170 574 1194 651 i,

114 694 149 757 p.
164 673 229 738 158
242 676 428 755 asserebat3
450 680 521 740 crat
543 676 585 739 do
606 694 646 739 eo
667 677 811 740 narratio
831 674 922 758 apud
939 676 1195 761 Theopompum,

113 775 171 840 lib.
192 791 261 839 vnr
283 776 476 860 Philippic,
498 781 535 841 ut
556 796 600 841 ex
624 776 766 841 Theonis
787 776 967 861 Progyan
995 779 1021 844 2
1042 777 1198 863 intelligo),

112 885 224 942 manat
236 884 343 943 tamen
356 879 430 956 hoc,
446 881 531 945 inter
544 880 653 944 edulia
667 876 749 943 illud
761 878 874 970 tuisse.
911 879 950 944 Si
964 885 1081 945 tamen
1092 880 1197 946 fairnin

113 998 216 1045 causa
228 989 262 1046 et
274 982 358 1046 ratio
374 1001 395 1045 a
409 982 580 1045 verborum
594 982 667 1044 lusu
680 980 867 1045 revocanda
878 986 981 1060 esset,
992 984 1128 1066 potiore
1138 982 1198 1047 loco

112 1079 265 1146 haberem
280 1082 426 1148 Fabricii
440 1082 483 1148 ad
499 1083 639 1147 Dionem
653 1084 882 1168 conjecturam,
905 1103 951 1148 ax
973 1084 1198 1167 permutatim

113 1203 233 1250 vocum
247 1189 336 1262 τῆλις,
360 1184 451 1269 quod
464 1185 589 1248 foenum
603 1203 757 1267 graecum,
781 1185 888 1249 silicia
906 1189 969 1262 est,
995 1184 1086 1249 unda
1108 1183 1197 1259 rium

113 1287 165 1353 vol
190 1285 301 1364 σῆλιιιι
321 1284 437 1372 ἄλευρον
458 1287 594 1363 dictum,
618 1293 676 1352 ant
694 1286 776 1352 sorte
789 1306 833 1350 ex
847 1306 930 1351 voce
943 1283 1038 1361 τηλία
1051 1282 1197 1361 volasii«,

113 1410 190 1476 quaa
212 1393 374 1476 pistorum
398 1410 479 1455 arca
502 1391 556 1455 vel
580 1390 693 1455 tabula
714 1389 921 1455 immentaria
948 1395 1015 1467 est,
1046 1387 1197 1454 insuam

112 1492 256 1579 aliquem
280 1493 446 1559 incidisse.
489 1492 567 1570 Sed,
592 1498 631 1556 ut
644 1492 798 1569 diximus,
821 1491 938 1555 alienia
952 1497 1035 1555 sunt
1049 1490 1196 1557 ammes

114 1597 270 1679 argutiae3
291 1616 352 1661 nec
377 1616 431 1659 res
454 1596 536 1660 tanti
559 1600 620 1673 est,
645 1600 683 1660 ut
703 1594 825 1658 diutius
838 1595 868 1657 ei
883 1593 1062 1661 inhaereas.
1105 1590 1198 1658 Nobis

113 1694 155 1761 dc
168 1697 278 1780 podtoe
294 1698 404 1781 copiis
417 1698 567 1761 instituta
579 1701 651 1761 erat
664 1694 853 1779 disputatio.

155 1796 304 1862 Alterum
316 1799 514 1882 prodigium,
529 1798 619 1882 quod
632 1796 786 1881 Trojunis
800 1798 835 1860 in
848 1815 935 1861 nova
944 1803 1036 1863 terra
1046 1798 1198 1884 objectum

112 1897 186 1975 suit,
210 1904 260 1962 est
284 1918 343 1963 sus
366 1919 442 1963 cum
466 1916 553 1963 xxx
580 1899 733 1965 foetibus:
755 1919 789 1962 v.
813 1915 893 1977 vm,
919 1900 963 1965 81
981 1920 1081 1985 sqq.;
1102 1900 1200 1965 sabuir

112 1999 245 2084 quidem
258 2000 339 2065 nihil
353 2021 460 2085 perse
473 2001 598 2066 habens
612 2003 666 2066 vel
680 2001 858 2084 diguitatis,
872 2002 926 2065 vel
939 2003 1126 2081 suavitatis,
1146 2021 1202 2087 qua

112 2109 223 2168 tamen
245 2103 305 2167 vix
331 2103 399 2167 alia
423 2104 505 2167 inter
528 2103 700 2169 Romanas
721 2103 863 2186 origines
877 2103 1096 2187 celebratior3
1117 2107 1202 2170 edm

114 2204 225 2269 multis
247 2206 366 2282 numis,
384 2205 532 2288 inprimis
551 2203 692 2268 Adriani
711 2209 744 2268 et
762 2206 922 2272 Antonini
945 2205 1014 2283 Pii,
1043 2208 1202 2291 insignitu

112 2306 195 2370 sorte
210 2309 308 2370 etiam
318 2308 421 2388 gentis
436 2305 606 2391 Sulpiciae,
623 2308 734 2372 scrofa
747 2308 830 2371 inter
845 2306 1044 2386 DioscuroS‚
1062 2308 1201 2382 Penates,

108 2406 252 2489 jacente.
297 2408 388 2471 Nam
402 2407 544 2472 Lavinio
559 2409 730 2472 condendo
748 2411 851 2487 locuS,
866 2415 991 2493 etpost
1006 2426 1097 2474 xxx
1113 2428 1202 2475 annos

112 2507 315 2574 deducendae
326 2510 466 2573 coloniae
482 2507 581 2573 Albae
597 2510 722 2593 Longas
737 2520 876 2595 tempus,
889 2514 932 2576 ab
945 2532 988 2576 eo
1003 2519 1133 2578 ostento
1146 2512 1201 2596 poti

112 2611 251 2675 solebat.
297 2610 505 2674 Vetustatam
518 2612 593 2694 ipsa
607 2614 753 2678 declarat
766 2614 924 2678 immundi
933 2614 1114 2680 animantis
1126 2634 1203 2679 oom-

111 2713 314 2786 memoratio,
331 2713 374 2774 ab
397 2713 593 2795 elegantiore
613 2735 689 2779 aevo
712 2717 899 2780 abhorrens.
944 2715 1092 2781 Omnino
1105 2717 1203 2801 prisca

111 2808 213 2874 Italia
225 2830 361 2892 magnos
376 2832 472 2876 suum
487 2834 600 2896 greges
620 2816 741 2893 alebat,
757 2816 905 2898 inprimis
920 2815 1054 2881 Etrusci
1065 2824 1099 2881 et
1111 2815 1203 2889 Galli,

112 2911 196 2978 adeo
207 2918 252 2976 ut·
259 2913 401 2978 scrofam
415 2916 552 2979 inveniri
566 2919 749 2999 contigerit,
764 2938 839 3000 quaa
853 2919 941 2981 mille
952 2938 1133 3001 porcorum
1144 2936 1205 3001 gre·

111 3035 183 3099 gem
198 3030 241 3080 ex
256 3036 291 3079 se
306 3023 498 3100 prognatum
520 3018 661 3084 duceret.
706 3019 751 3083 V.
766 3020 831 3083 loc.
855 3038 920 3082 non
935 3020 1108 3102 indignum
1128 3021 1204 3085 lectu

112 3116 248 3202 Polybii
272 3119 358 3184 Exc.
373 3119 487 3184 Valcs.
510 3122 631 3198 x11‚2.
675 3120 792 3205 Itaque
807 3121 918 3203 poeta,
939 3122 999 3203 qui
1019 3121 1204 3205 mythis-do

111 3222 259 3284 mesticis
291 3222 422 3285 Graccis
444 3221 565 3285 sabulis
592 3222 777 3286 intexendis
798 3222 954 3285 novitatis
970 3222 1204 3304 jucunditatem

111 3325 280 3404 captabat,
303 3323 346 3385 ad
371 3324 578 3406 popularium
603 3343 736 3388 suorum
759 3323 921 3407 judicium
942 3343 1008 3387 non
1034 3326 1205 3390 insuaviter

111 3427 169 3509 aut
182 3423 297 3485 leviter
311 3443 404 3485 suom
421 3424 532 3487 albam
547 3444 820 3488 commemorasse
838 3424 942 3488 videri
957 3424 1069 3490 debet.
1117 3427 1205 3491 Poia-

110 3529 162 3586 rat
175 3522 259 3586 sorte
274 3542 342 3586 rcm
354 3543 481 3600 ornare,
497 3546 570 3589 cum
584 3529 680 3590 etiarn
696 3528 768 3590 haec
787 3526 919 3590 dealba
933 3527 1121 3592 suefabula
1134 3527 1204 3592 mul·

78 3622 81 3631 '
110 3625 156 3690 tis
180 3624 286 3688 modis
309 3627 517 3689 auctoribus
543 3635 676 3691 narrata
698 3629 752 3704 sit,
768 3648 862 3710 qrras,
877 3630 931 3690 cui
953 3627 1101 3707 libuerit,
1124 3624 1204 3713 apud

111 3728 252 3813 Dionys.
271 3747 294 3805 1,
310 3732 363 3806 od,
388 3729 481 3792 Scxt.
506 3727 620 3794 Aurel.
646 3730 737 3794 Vict.
766 3731 804 3792 12
827 3750 870 3793 ex
891 3728 1029 3807 Catone,
1046 3730 1203 3815 Lycopbr.

110 3828 196 3893 1257
211 3851 285 3914 sqq.
300 3832 425 3908 (Inicus
440 3833 473 3894 in
498 3850 538 3894 eo
553 3833 603 3896 sic
626 3833 921 3914 interpungendus:
946 3830 1048 3894 Krisa
1064 3834 1093 3894 di
1112 3831 1204 3919 χόριι

109 3931 137 4001 ir
151 3928 243 4005 τὸτοις
269 3931 445 4016 Βορειγόιωι,
465 3933 548 4020 'Prie
565 3930 699 4004 Λατίνους
713 3934 847 4007 Δαυνίους
859 3937 885 3994 τ’
905 3932 1062 4014 ὥκισμίιην
1072 3935 1204 4023 Πῦῃοος,

108 4032 248 4119 τριάκοντ’
265 4033 452 4119 ἐξαριθμήσας
465 4037 550 4117 γονὰς
576 4031 647 4108 Συός
663 4040 789 4109 κελαινῆς
813 4039 953 4119 [nigram
966 4057 1028 4120 pro
1052 4039 1131 4102 alba
1143 4057 1203 4101 mo·

109 4134 227 4214 morat]
240 4132 322 4219 etc.)
344 4142 378 4200 et
391 4134 452 4200 Tu.
468 4136 516 4202 ibi
529 4142 562 4199 ct
583 4135 627 4200 ad
640 4136 726 4201 1232
739 4135 838 4216 (unde
856 4137 893 4201 in
906 4138 1027 4204 Dionis
1041 4137 1202 4223 Excoepfl
