2664 4686
115 300 201 372 1102
518 317 717 368 exeussus
740 318 823 368 rur.

114 469 346 535 obambulante
361 436 485 554 odyss
500 477 539 546 Δ,
563 469 629 536 274
642 488 731 555 sqq„
755 471 846 554 quod
869 470 904 536 in
929 462 1001 537 alio
1015 470 1101 539 forte
1114 481 1209 541 vetere

13 593 28 622 r
115 571 267 655 potmato
293 571 499 654 probabilius
526 570 589 635 fuit
611 571 800 650 tructmun'r,
822 575 871 638 uti
894 576 997 639 etiarn
1018 593 1065 639 ex
1080 574 1211 660 'lbypbi-

114 672 205 736 odor.
219 670 285 735 452
299 690 349 756 sq.
366 680 515 757 apparet,
536 673 596 736 ubi
611 670 750 755 propius
765 674 809 737 ad
822 675 894 738 veri
908 674 1058 758 aliquam
1073 677 1212 760 εροσίεηι

113 793 167 839 res
181 775 344 859 exposita.
390 774 490 852 Nam,
511 779 549 839 ut
562 773 694 838 Heleno
712 793 814 840 voces
828 775 1033 841 Achivorum
1055 778 1108 842 ita
1121 778 1212 842 simu·

112 875 310 955 laveritut,
333 876 445 959 quiin
471 875 567 959 Equo
590 874 748 954 latebant,
782 877 958 957 crederent,
987 895 1072 941 suns
1095 896 1211 945 uxores

114 975 290 1042 advenisse
303 977 452 1062 Tlojam,
476 979 638 1043 absonum
652 983 713 1043 est.
760 978 846 1044 Mihi
860 980 902 1043 de
920 979 980 1045 illo
994 981 1076 1044 loco
1090 980 1142 1044 itu
1156 986 1212 1045 sn-

113 1079 424 1157 tucndumffuidetun
435 1087 482 1158 ut,
498 1071 688 1163 suspicione
702 1081 744 1145 de
757 1081 899 1146 conditis
911 1084 945 1146 in
962 1081 1063 1165 Equo
1078 1080 1213 1146 Achivis

114 1181 216 1245 semel
229 1186 314 1260 orta,
339 1180 471 1246 Helena
485 1181 673 1259 accesserit,
696 1188 728 1246 et
749 1182 843 1246 varia
859 1183 1047 1260 tentaverit,
1071 1198 1142 1266 quo
1154 1181 1213 1246 etr

114 1279 214 1360 caret,
236 1288 284 1361 ut,
306 1285 363 1367 qui
384 1283 504 1348 inclusi
526 1286 647 1359 essent,
670 1280 816 1347 foeminae
830 1283 896 1346 sibi
911 1283 1032 1347 amicae
1048 1300 1089 1345 se
1104 1282 1214 1366 prode·

113 1389 195 1447 runt.
238 1386 357 1470 Itn‘que
378 1405 444 1450 non
465 1383 564 1448 modo
587 1401 623 1447 se
646 1402 808 1467 suumque
826 1372 944 1447 nomen
958 1381 1098 1465 profata
1112 1400 1212 1455 suum·

115 1502 181 1566 que
206 1506 282 1570 erga
308 1484 470 1564 Achiuos,
505 1484 683 1567 populares
710 1503 800 1562 suos,
837 1483 1107 1549 benevolentiam
1131 1485 1212 1549 etin

112 1586 285 1666 pristinum
310 1588 463 1652 maritum
490 1584 589 1649 fidem
611 1586 835 1661 intemeratam
861 1591 982 1650 testata
1011 1591 1074 1663 est,
1107 1603 1212 1653 verum

112 1688 211 1752 etiam
232 1688 355 1754 reditus
378 1689 429 1754 sui
453 1689 496 1752 ad
519 1685 668 1750 Achivos
691 1690 724 1750 et
756 1687 794 1749 in>
819 1683 989 1750 Graeciam
1014 1685 1211 1751 desiderium

3 1809 8 1817 ¹
112 1781 396 1866 commemoravit,'
427 1789 515 1871 quod
544 1789 608 1851 sibi
632 1806 805 1851 commune
834 1789 924 1851 esset
950 1806 1028 1850 cum
1056 1787 1212 1850 uxoribus

113 1884 317 1955 Achiuorum
336 1889 424 1971 apud
445 1888 581 1972 Trojam
604 1888 843 1970 desidentium3
877 1889 1003 1972 quippe
1027 1907 1108 1971 quae
1128 1887 1211 1952 votis

110 1979 334 2070 'precibusque
357 1990 501 2053 assiduis
522 1986 661 2055 reditum
677 1991 866 2055 maritorum
880 1993 1082 2073 expeterent.
1130 1986 1209 2066 Qua

114 2094 149 2153 ut
162 2094 251 2155 tanto
265 2091 372 2174 magis
397 2091 440 2154 ad
465 2091 617 2156 affectum
640 2091 839 2156 movendum
853 2094 961 2155 essent
974 2088 1077 2166 dicta,
1101 2091 1210 2153 mulie·

113 2211 184 2254 rum
209 2193 355 2272 istamm,
385 2194 512 2277 quippe
535 2212 621 2277 quas
644 2192 725 2257 olim
747 2192 928 2257 familiares
951 2191 1017 2254 sibi
1044 2189 1210 2264 babuerat,

114 2293 189 2376 ipsa
208 2294 322 2371 uerba,
348 2284 549 2376 blandasque
575 2295 764 2356 maritorum
789 2282 921 2355 suorum
945 2291 1211 2373 compellationes

115 2411 280 2476 vocesque
294 2393 377 2457 adeo
396 2392 439 2456 ad
462 2392 617 2456 desiderii
639 2393 824 2474 amorisque
838 2390 1116 2472 significationum
1129 2410 1211 2454 com·

114 2492 243 2579 positas
268 2492 423 2556 imitatur.
469 2492 543 2556 Nec
567 2493 705 2556 multum
720 2493 844 2568 aberat,
867 2493 947 2573 quin
960 2510 1002 2555 ea
1015 2510 1072 2555 res
1085 2510 1211 2556 succes·

113 2611 187 2656 sum
201 2592 346 2657 haberet.
392 2589 547 2654 Omnium
562 2595 647 2656 enim
663 2593 781 2656 animis
794 2592 1022 2657 recordatione
1032 2596 1068 2656 et
1081 2593 1210 2656 misera-

113 2694 201 2760 tione
227 2691 402 2774 conjugum
422 2692 605 2757 relictamm
627 2696 738 2774 motis,
761 2695 853 2760 multi
867 2713 903 2759 se
917 2695 977 2759 vix
993 2694 1210 2769 continebant,

114 2794 192 2876 quin
209 2792 349 2860 Helenae
365 2794 608 2878 responderent.
1165 2816 1168 2823 ·

521 3103 799 3114 m

426 3352 742 3431 EXCURSUS
783 3353 894 3428 vlu.

367 3560 418 3610 DE
442 3557 563 3610 Nouus
585 3554 765 3607 Taounnls
790 3555 961 3609 FUNFBTA.

158 3748 196 3807 ιι,
219 3728 284 3794 250
298 3747 373 3812 sqq.
398 3732 408 3762 ‘
423 3726 570 3793 Vertitur
585 3727 708 3790 interea
722 3724 843 3790 coelum
857 3728 891 3788 et
904 3723 970 3787 ruit
985 3721 1124 3788 Oceano
1137 3719 1215 3786 nox'

111 3840 174 3897 otc.
219 3831 400 3896 Praeivisse
417 3829 559 3894 Ennium
573 3826 695 3892 Annal.
710 3843 747 3890 vr
772 3824 943 3888 ‘Vertitur
956 3825 1081 3887 interea
1095 3823 1216 3888 coelum

110 3952 188 3996 curn
200 3932 384 4016 ingentibus
399 3930 524 4013 signis?
538 3929 732 3993 Macrobius
743 3945 793 4004 vr,
806 3928 827 3991 1
842 3924 1053 4004 observavit3
1075 3924 1112 3987 id
1127 3921 1216 4006 quod

113 4039 239 4100 tautum
254 4034 297 4098 ad
313 4034 415 4097 verba
429 4033 580 4116 pertinet,
603 4030 779 4113 dequibus
794 4045 828 4090 v.
844 4047 920 4111 sup.
938 4025 1025 4091 Exc.
1043 4042 1083 4088 ιι.
1130 4023 1215 4088 Rem

105 4133 176 4215 Jam
187 4134 333 4200 lesches
346 4134 515 4210 docuerat,
530 4132 588 4215 qui
602 4150 698 4195 suam
710 4129 753 4195 de
766 4128 982 4211 'lbojocapta
994 4124 1215 4189 narrationem
