<?xml version="1.0" encoding="UTF-8"?>
<!DOCTYPE html PUBLIC "-//W3C//DTD XHTML 1.0 Transitional//EN"
    "http://www.w3.org/TR/xhtml1/DTD/xhtml1-transitional.dtd">
<html xmlns="http://www.w3.org/1999/xhtml" xml:lang="en" lang="en">
 <head>
  <title>
</title>
<meta http-equiv="Content-Type" content="text/html;charset=utf-8" />
  <meta name='ocr-system' content='tesseract 3.04.00' />
  <meta name='ocr-capabilities' content='ocr_page ocr_carea ocr_par ocr_line ocrx_word'/>
</head>
<body>
  <div class='ocr_page' id='page_1' title='image "./pvirgiliimaroni00virggoog/pvirgiliimaroni00virggoog_0291.png"; bbox 0 0 2664 4686; ppageno 0'>
   <div class='ocr_carea' id='block_1_1' title="bbox 127 284 852 355">
    <p class='ocr_par' dir='ltr' id='par_1_1' title="bbox 127 284 852 355">
     <span class='ocr_line' id='line_1_1' title="bbox 127 284 852 355; baseline 0.001 -4"><span class='ocrx_word' id='word_1_1' title='bbox 127 284 215 351; x_wconf 74' lang='lat'><strong>4236</strong></span> <span class='ocrx_word' id='word_1_2' title='bbox 534 302 734 355; x_wconf 75' lang='lat' dir='ltr'><strong>excursus</strong></span> <span class='ocrx_word' id='word_1_3' title='bbox 754 302 852 354; x_wconf 80' lang='lat' dir='ltr'><strong>xo.-</strong></span> 
     </span>
    </p>
   </div>
   <div class='ocr_carea' id='block_1_2' title="bbox 28 444 1221 3667">
    <p class='ocr_par' dir='ltr' id='par_1_2' title="bbox 28 444 1221 745">
     <span class='ocr_line' id='line_1_2' title="bbox 125 444 1221 532; baseline 0.006 -22"><span class='ocrx_word' id='word_1_4' title='bbox 125 447 216 511; x_wconf 85' lang='lat' dir='ltr'><strong>rians</strong></span> <span class='ocrx_word' id='word_1_5' title='bbox 228 444 397 529; x_wconf 72' lang='lat' dir='ltr'><strong>potiturum</strong></span> <span class='ocrx_word' id='word_1_6' title='bbox 411 451 535 512; x_wconf 83' lang='lat' dir='ltr'><strong>veteres</strong></span> <span class='ocrx_word' id='word_1_7' title='bbox 555 448 685 514; x_wconf 79' lang='lat' dir='ltr'><strong>fabulas</strong></span> <span class='ocrx_word' id='word_1_8' title='bbox 703 451 886 515; x_wconf 85' lang='lat' dir='ltr'><strong>ornantium</strong></span> <span class='ocrx_word' id='word_1_9' title='bbox 899 449 1084 532; x_wconf 79' lang='lat' dir='ltr'><strong>ingenium.</strong></span> <span class='ocrx_word' id='word_1_10' title='bbox 1127 450 1221 519; x_wconf 79' lang='lat' dir='ltr'><strong>Aliter</strong></span> 
     </span>
     <span class='ocr_line' id='line_1_3' title="bbox 127 547 1220 633; baseline 0.005 -21"><span class='ocrx_word' id='word_1_11' title='bbox 127 553 259 612; x_wconf 80' lang='lat' dir='ltr'><strong>omatm</strong></span> <span class='ocrx_word' id='word_1_12' title='bbox 282 547 396 612; x_wconf 82' lang='lat' dir='ltr'><strong>sabula</strong></span> <span class='ocrx_word' id='word_1_13' title='bbox 419 551 509 633; x_wconf 89' lang='lat' dir='ltr'><strong>apud</strong></span> <span class='ocrx_word' id='word_1_14' title='bbox 532 550 685 614; x_wconf 82' lang='lat' dir='ltr'><strong>Servium</strong></span> <span class='ocrx_word' id='word_1_15' title='bbox 708 552 752 615; x_wconf 84' lang='lat' dir='ltr'><strong>ud</strong></span> <span class='ocrx_word' id='word_1_16' title='bbox 776 552 809 617; x_wconf 86' lang='lat' dir='ltr'><strong>lr.</strong></span> <span class='ocrx_word' id='word_1_17' title='bbox 831 552 854 616; x_wconf 89' lang='lat' dir='ltr'><strong>l.</strong></span> <span class='ocrx_word' id='word_1_18' title='bbox 896 550 998 616; x_wconf 85' lang='lat' dir='ltr'><strong>Adde</strong></span> <span class='ocrx_word' id='word_1_19' title='bbox 1023 551 1167 619; x_wconf 85' lang='lat' dir='ltr'><strong>Diodor.</strong></span> <span class='ocrx_word' id='word_1_20' title='bbox 1192 557 1220 618; x_wconf 92' lang='lat' dir='ltr'><strong>in</strong></span> 
     </span>
     <span class='ocr_line' id='line_1_4' title="bbox 28 647 1220 745; baseline 0.007 -32"><span class='ocrx_word' id='word_1_21' title='bbox 28 722 35 745; x_wconf 75' lang='lat'><strong>.</strong></span> <span class='ocrx_word' id='word_1_22' title='bbox 126 648 210 714; x_wconf 82' lang='lat' dir='ltr'><strong>Exc.</strong></span> <span class='ocrx_word' id='word_1_23' title='bbox 233 647 320 714; x_wconf 86' lang='lat' dir='ltr'><strong>virt.</strong></span> <span class='ocrx_word' id='word_1_24' title='bbox 346 671 381 732; x_wconf 89' lang='lat' dir='ltr'><strong>p.</strong></span> <span class='ocrx_word' id='word_1_25' title='bbox 397 652 471 716; x_wconf 83' lang='grc'><strong>546.</strong></span> <span class='ocrx_word' id='word_1_26' title='bbox 515 650 671 719; x_wconf 82' lang='lat' dir='ltr'><strong>Accessit</strong></span> <span class='ocrx_word' id='word_1_27' title='bbox 693 653 824 718; x_wconf 81' lang='lat' dir='ltr'><strong>tandem</strong></span> <span class='ocrx_word' id='word_1_28' title='bbox 846 661 879 718; x_wconf 85' lang='lat' dir='ltr'><strong>et</strong></span> <span class='ocrx_word' id='word_1_29' title='bbox 894 654 990 730; x_wconf 90' lang='lat' dir='ltr'><strong>illud,</strong></span> <span class='ocrx_word' id='word_1_30' title='bbox 1014 653 1137 721; x_wconf 89' lang='lat' dir='ltr'><strong>urbem</strong></span> <span class='ocrx_word' id='word_1_31' title='bbox 1158 656 1220 720; x_wconf 78' lang='lat' dir='ltr'><strong>Sel·</strong></span> 
     </span>
    </p>

    <p class='ocr_par' dir='ltr' id='par_1_3' title="bbox 120 753 1219 1545">
     <span class='ocr_line' id='line_1_5' title="bbox 124 753 1219 839; baseline 0.005 -25"><span class='ocrx_word' id='word_1_32' title='bbox 124 770 276 816; x_wconf 88' lang='lat' dir='ltr'><strong>moneam</strong></span> <span class='ocrx_word' id='word_1_33' title='bbox 291 753 334 815; x_wconf 94' lang='lat' dir='ltr'><strong>ab</strong></span> <span class='ocrx_word' id='word_1_34' title='bbox 356 771 396 816; x_wconf 89' lang='lat' dir='ltr'><strong>eo</strong></span> <span class='ocrx_word' id='word_1_35' title='bbox 418 753 584 818; x_wconf 87' lang='lat' dir='ltr'><strong>conditam</strong></span> <span class='ocrx_word' id='word_1_36' title='bbox 597 755 731 820; x_wconf 85' lang='lat' dir='ltr'><strong>fulmine</strong></span> <span class='ocrx_word' id='word_1_37' title='bbox 745 757 964 838; x_wconf 79' lang='lat' dir='ltr'><strong>conflagrasse</strong></span> <span class='ocrx_word' id='word_1_38' title='bbox 987 776 1046 839; x_wconf 87' lang='lat' dir='ltr'><strong>ap.</strong></span> <span class='ocrx_word' id='word_1_39' title='bbox 1069 754 1219 838; x_wconf 82' lang='lat' dir='ltr'><strong>Apollod.</strong></span> 
     </span>
     <span class='ocr_line' id='line_1_6' title="bbox 124 852 1217 939; baseline 0.005 -24"><span class='ocrx_word' id='word_1_40' title='bbox 124 852 146 916; x_wconf 88' lang='lat'><strong>1.</strong></span> <span class='ocrx_word' id='word_1_41' title='bbox 161 873 192 917; x_wconf 92' lang='lat' dir='ltr'><strong>c.</strong></span> <span class='ocrx_word' id='word_1_42' title='bbox 207 858 241 916; x_wconf 89' lang='lat' dir='ltr'><strong>et</strong></span> <span class='ocrx_word' id='word_1_43' title='bbox 256 853 364 917; x_wconf 81' lang='lat' dir='ltr'><strong>Notas</strong></span> <span class='ocrx_word' id='word_1_44' title='bbox 378 875 412 937; x_wconf 88' lang='lat' dir='ltr'><strong>p.</strong></span> <span class='ocrx_word' id='word_1_45' title='bbox 427 853 502 919; x_wconf 80' lang='grc'><strong>146.</strong></span> <span class='ocrx_word' id='word_1_46' title='bbox 549 854 706 920; x_wconf 84' lang='lat' dir='ltr'><strong>Notabile</strong></span> <span class='ocrx_word' id='word_1_47' title='bbox 727 861 835 919; x_wconf 88' lang='lat' dir='ltr'><strong>tamen</strong></span> <span class='ocrx_word' id='word_1_48' title='bbox 855 857 930 934; x_wconf 88' lang='lat' dir='ltr'><strong>hoc,</strong></span> <span class='ocrx_word' id='word_1_49' title='bbox 951 856 1045 939; x_wconf 89' lang='lat' dir='ltr'><strong>quod</strong></span> <span class='ocrx_word' id='word_1_50' title='bbox 1067 855 1217 938; x_wconf 77' lang='lat' dir='ltr'><strong>Virgilius</strong></span> 
     </span>
     <span class='ocr_line' id='line_1_7' title="bbox 123 954 1217 1040; baseline 0.003 -22"><span class='ocrx_word' id='word_1_51' title='bbox 123 954 240 1020; x_wconf 85' lang='lat' dir='ltr'><strong>maluit</strong></span> <span class='ocrx_word' id='word_1_52' title='bbox 268 955 480 1019; x_wconf 88' lang='lat' dir='ltr'><strong>Salmoneum</strong></span> <span class='ocrx_word' id='word_1_53' title='bbox 508 956 652 1033; x_wconf 84' lang='lat' dir='ltr'><strong>laudare,</strong></span> <span class='ocrx_word' id='word_1_54' title='bbox 677 976 779 1040; x_wconf 89' lang='lat' dir='ltr'><strong>quam</strong></span> <span class='ocrx_word' id='word_1_55' title='bbox 807 956 996 1034; x_wconf 76' lang='lat' dir='ltr'>Remulum,</span> <span class='ocrx_word' id='word_1_56' title='bbox 1020 955 1217 1022; x_wconf 83' lang='lat' dir='ltr'><strong>Albanorum</strong></span> 
     </span>
     <span class='ocr_line' id='line_1_8' title="bbox 122 1054 1217 1140; baseline 0.004 -20"><span class='ocrx_word' id='word_1_57' title='bbox 122 1054 382 1139; x_wconf 51' lang='lat' dir='ltr'><strong>regemssimilis</strong></span> <span class='ocrx_word' id='word_1_58' title='bbox 399 1058 581 1140; x_wconf 88' lang='lat' dir='ltr'><strong>impietatis</strong></span> <span class='ocrx_word' id='word_1_59' title='bbox 603 1078 704 1122; x_wconf 89' lang='lat' dir='ltr'><strong>reum.</strong></span> <span class='ocrx_word' id='word_1_60' title='bbox 749 1057 794 1123; x_wconf 92' lang='lat' dir='ltr'><strong>V.</strong></span> <span class='ocrx_word' id='word_1_61' title='bbox 811 1058 927 1123; x_wconf 82' lang='lat' dir='ltr'><strong>Victor</strong></span> <span class='ocrx_word' id='word_1_62' title='bbox 948 1056 992 1120; x_wconf 91' lang='grc'><strong>0.</strong></span> <span class='ocrx_word' id='word_1_63' title='bbox 1007 1057 1053 1123; x_wconf 87' lang='lat' dir='ltr'><strong>G.</strong></span> <span class='ocrx_word' id='word_1_64' title='bbox 1070 1058 1117 1123; x_wconf 84' lang='lat' dir='ltr'><strong>B..</strong></span> <span class='ocrx_word' id='word_1_65' title='bbox 1131 1060 1172 1126; x_wconf 88' lang='lat'><strong>18</strong></span> <span class='ocrx_word' id='word_1_66' title='bbox 1189 1068 1217 1124; x_wconf 88' lang='lat' dir='ltr'><strong>et</strong></span> 
     </span>
     <span class='ocr_line' id='line_1_9' title="bbox 122 1157 1218 1243; baseline 0.005 -22"><span class='ocrx_word' id='word_1_67' title='bbox 122 1157 171 1221; x_wconf 93' lang='lat' dir='ltr'><strong>ibi</strong></span> <span class='ocrx_word' id='word_1_68' title='bbox 196 1158 278 1223; x_wconf 91' lang='lat' dir='ltr'><strong>Not.</strong></span> <span class='ocrx_word' id='word_1_69' title='bbox 306 1157 447 1243; x_wconf 87' lang='lat' dir='ltr'><strong>Dionys.</strong></span> <span class='ocrx_word' id='word_1_70' title='bbox 468 1176 493 1235; x_wconf 92' lang='lat'><strong>1,</strong></span> <span class='ocrx_word' id='word_1_71' title='bbox 513 1159 566 1224; x_wconf 86' lang='grc'><strong>71.</strong></span> <span class='ocrx_word' id='word_1_72' title='bbox 612 1159 748 1223; x_wconf 87' lang='lat' dir='ltr'><strong>Scilicet</strong></span> <span class='ocrx_word' id='word_1_73' title='bbox 769 1160 972 1223; x_wconf 81' lang='lat' dir='ltr'><strong>obscurioris</strong></span> <span class='ocrx_word' id='word_1_74' title='bbox 995 1159 1052 1224; x_wconf 89' lang='lat' dir='ltr'><strong>bic</strong></span> <span class='ocrx_word' id='word_1_75' title='bbox 1076 1168 1150 1226; x_wconf 85' lang='lat' dir='ltr'><strong>erut</strong></span> <span class='ocrx_word' id='word_1_76' title='bbox 1167 1181 1218 1227; x_wconf 93' lang='lat' dir='ltr'><strong>no·</strong></span> 
     </span>
     <span class='ocr_line' id='line_1_10' title="bbox 121 1259 1214 1346; baseline 0.006 -24"><span class='ocrx_word' id='word_1_77' title='bbox 121 1259 237 1338; x_wconf 82' lang='lat' dir='ltr'><strong>minis3</strong></span> <span class='ocrx_word' id='word_1_78' title='bbox 259 1266 292 1323; x_wconf 88' lang='lat' dir='ltr'><strong>et</strong></span> <span class='ocrx_word' id='word_1_79' title='bbox 306 1260 406 1342; x_wconf 68' lang='lat' dir='ltr'><strong>poeta</strong></span> <span class='ocrx_word' id='word_1_80' title='bbox 418 1260 548 1323; x_wconf 86' lang='lat' dir='ltr'><strong>fabulas</strong></span> <span class='ocrx_word' id='word_1_81' title='bbox 562 1261 680 1323; x_wconf 89' lang='lat' dir='ltr'><strong>melius</strong></span> <span class='ocrx_word' id='word_1_82' title='bbox 702 1260 814 1324; x_wconf 78' lang='lat' dir='ltr'><strong>laudat</strong></span> <span class='ocrx_word' id='word_1_83' title='bbox 834 1280 853 1324; x_wconf 94' lang='lat' dir='ltr'><strong>e</strong></span> <span class='ocrx_word' id='word_1_84' title='bbox 875 1260 1002 1326; x_wconf 85' lang='lat' dir='ltr'><strong>Graeca</strong></span> <span class='ocrx_word' id='word_1_85' title='bbox 1015 1264 1214 1346; x_wconf 79' lang='lat' dir='ltr'><strong>antiquitate,</strong></span> 
     </span>
     <span class='ocr_line' id='line_1_11' title="bbox 122 1361 1216 1445; baseline 0.006 -22"><span class='ocrx_word' id='word_1_86' title='bbox 122 1378 222 1440; x_wconf 89' lang='lat' dir='ltr'><strong>quam</strong></span> <span class='ocrx_word' id='word_1_87' title='bbox 251 1380 294 1424; x_wconf 84' lang='lat' dir='ltr'><strong>ex</strong></span> <span class='ocrx_word' id='word_1_88' title='bbox 318 1361 493 1425; x_wconf 86' lang='lat' dir='ltr'><strong>Romana:</strong></span> <span class='ocrx_word' id='word_1_89' title='bbox 522 1362 647 1445; x_wconf 88' lang='lat' dir='ltr'><strong>quippe</strong></span> <span class='ocrx_word' id='word_1_90' title='bbox 669 1381 746 1443; x_wconf 87' lang='lat' dir='ltr'><strong>quae</strong></span> <span class='ocrx_word' id='word_1_91' title='bbox 768 1380 828 1424; x_wconf 87' lang='lat' dir='ltr'><strong>nee</strong></span> <span class='ocrx_word' id='word_1_92' title='bbox 852 1380 967 1444; x_wconf 88' lang='lat' dir='ltr'><strong>parem</strong></span> <span class='ocrx_word' id='word_1_93' title='bbox 995 1364 1216 1430; x_wconf 64' lang='lat' dir='ltr'><strong>anennual·</strong></span> 
     </span>
     <span class='ocr_line' id='line_1_12' title="bbox 120 1463 766 1545; baseline 0.002 -22"><span class='ocrx_word' id='word_1_94' title='bbox 120 1480 180 1526; x_wconf 89' lang='lat' dir='ltr'><strong>nec</strong></span> <span class='ocrx_word' id='word_1_95' title='bbox 195 1465 332 1545; x_wconf 85' lang='lat' dir='ltr'><strong>gratiam</strong></span> <span class='ocrx_word' id='word_1_96' title='bbox 347 1470 406 1528; x_wconf 91' lang='lat' dir='ltr'><strong>aut</strong></span> <span class='ocrx_word' id='word_1_97' title='bbox 419 1469 622 1528; x_wconf 79' lang='lat' dir='ltr'><strong>venustatem</strong></span> <span class='ocrx_word' id='word_1_98' title='bbox 636 1463 766 1527; x_wconf 85' lang='lat' dir='ltr'><strong>habent.</strong></span> 
     </span>
    </p>

    <p class='ocr_par' dir='ltr' id='par_1_4' title="bbox 108 1562 1217 3667">
     <span class='ocr_line' id='line_1_13' title="bbox 164 1562 1215 1647; baseline 0.002 -19"><span class='ocrx_word' id='word_1_99' title='bbox 164 1562 319 1628; x_wconf 80' lang='lat' dir='ltr'><strong>Ceterum</strong></span> <span class='ocrx_word' id='word_1_100' title='bbox 333 1565 453 1629; x_wconf 86' lang='lat' dir='ltr'><strong>divinis</strong></span> <span class='ocrx_word' id='word_1_101' title='bbox 474 1564 665 1640; x_wconf 86' lang='lat' dir='ltr'><strong>honoribus,</strong></span> <span class='ocrx_word' id='word_1_102' title='bbox 688 1582 774 1646; x_wconf 89' lang='lat' dir='ltr'><strong>quos</strong></span> <span class='ocrx_word' id='word_1_103' title='bbox 794 1565 1051 1647; x_wconf 82' lang='lat' dir='ltr'><strong>imperatoribus</strong></span> <span class='ocrx_word' id='word_1_104' title='bbox 1069 1566 1215 1630; x_wconf 80' lang='lat' dir='ltr'><strong>adulandi</strong></span> 
     </span>
     <span class='ocr_line' id='line_1_14' title="bbox 120 1664 1215 1749; baseline 0.005 -23"><span class='ocrx_word' id='word_1_105' title='bbox 120 1664 264 1730; x_wconf 88' lang='lat' dir='ltr'><strong>studium</strong></span> <span class='ocrx_word' id='word_1_106' title='bbox 286 1665 412 1745; x_wconf 90' lang='lat' dir='ltr'><strong>detulit,</strong></span> <span class='ocrx_word' id='word_1_107' title='bbox 436 1668 620 1730; x_wconf 71' lang='lat' dir='ltr'><strong>obtunsiore</strong></span> <span class='ocrx_word' id='word_1_108' title='bbox 640 1666 692 1729; x_wconf 91' lang='lat' dir='ltr'><strong>his</strong></span> <span class='ocrx_word' id='word_1_109' title='bbox 713 1666 864 1731; x_wconf 87' lang='lat' dir='ltr'><strong>versibus</strong></span> <span class='ocrx_word' id='word_1_110' title='bbox 885 1666 1022 1749; x_wconf 75' lang='lat' dir='ltr'><strong>politam</strong></span> <span class='ocrx_word' id='word_1_111' title='bbox 1044 1666 1112 1729; x_wconf 75' lang='lat' dir='ltr'><strong>sine</strong></span> <span class='ocrx_word' id='word_1_112' title='bbox 1132 1665 1215 1731; x_wconf 75' lang='lat' dir='ltr'><strong>dubio</strong></span> 
     </span>
     <span class='ocr_line' id='line_1_15' title="bbox 119 1765 1216 1845; baseline 0.008 -21"><span class='ocrx_word' id='word_1_113' title='bbox 119 1767 309 1845; x_wconf 77' lang='lat' dir='ltr'><strong>pronuntiat</strong></span> <span class='ocrx_word' id='word_1_114' title='bbox 328 1766 351 1830; x_wconf 86' lang='lat' dir='ltr'>J</span> <span class='ocrx_word' id='word_1_115' title='bbox 354 1787 403 1831; x_wconf 89' lang='lat' dir='ltr'><strong>os.</strong></span> <span class='ocrx_word' id='word_1_116' title='bbox 419 1767 612 1831; x_wconf 80' lang='lat' dir='ltr'><strong>wartonus.</strong></span> <span class='ocrx_word' id='word_1_117' title='bbox 658 1765 828 1831; x_wconf 87' lang='lat' dir='ltr'><strong>Infinitum</strong></span> <span class='ocrx_word' id='word_1_118' title='bbox 849 1772 950 1844; x_wconf 87' lang='lat' dir='ltr'><strong>esset,</strong></span> <span class='ocrx_word' id='word_1_119' title='bbox 966 1767 996 1830; x_wconf 94' lang='lat' dir='ltr'><strong>si</strong></span> <span class='ocrx_word' id='word_1_120' title='bbox 1018 1767 1148 1832; x_wconf 87' lang='lat' dir='ltr'><strong>similes</strong></span> <span class='ocrx_word' id='word_1_121' title='bbox 1168 1767 1216 1832; x_wconf 91' lang='lat' dir='ltr'><strong>In·</strong></span> 
     </span>
     <span class='ocr_line' id='line_1_16' title="bbox 118 1868 1215 1953; baseline 0.007 -27"><span class='ocrx_word' id='word_1_122' title='bbox 118 1869 292 1946; x_wconf 89' lang='lat' dir='ltr'><strong>terpretnm</strong></span> <span class='ocrx_word' id='word_1_123' title='bbox 309 1870 453 1949; x_wconf 74' lang='lat' dir='ltr'><strong>arguitias</strong></span> <span class='ocrx_word' id='word_1_124' title='bbox 466 1887 653 1932; x_wconf 89' lang='lat' dir='ltr'><strong>enumerare</strong></span> <span class='ocrx_word' id='word_1_125' title='bbox 667 1868 785 1933; x_wconf 84' lang='lat' dir='ltr'><strong>vellem</strong></span> <span class='ocrx_word' id='word_1_126' title='bbox 803 1886 938 1947; x_wconf 82' lang='lat' dir='ltr'><strong>omnes3</strong></span> <span class='ocrx_word' id='word_1_127' title='bbox 960 1869 1077 1950; x_wconf 81' lang='lat' dir='ltr'><strong>itaque</strong></span> <span class='ocrx_word' id='word_1_128' title='bbox 1090 1876 1215 1953; x_wconf 83' lang='lat' dir='ltr'><strong>praeter·</strong></span> 
     </span>
     <span class='ocr_line' id='line_1_17' title="bbox 116 1966 1215 2050; baseline 0.005 -21"><span class='ocrx_word' id='word_1_129' title='bbox 116 1966 242 2030; x_wconf 87' lang='lat' dir='ltr'><strong>mittere</strong></span> <span class='ocrx_word' id='word_1_130' title='bbox 255 1966 448 2050; x_wconf 89' lang='lat' dir='ltr'><strong>plerumque</strong></span> <span class='ocrx_word' id='word_1_131' title='bbox 462 1969 565 2032; x_wconf 89' lang='lat' dir='ltr'><strong>soleo.</strong></span> <span class='ocrx_word' id='word_1_132' title='bbox 609 1967 688 2047; x_wconf 86' lang='lat' dir='ltr'>Sed,</span> <span class='ocrx_word' id='word_1_133' title='bbox 704 1969 734 2032; x_wconf 92' lang='lat' dir='ltr'><strong>si</strong></span> <span class='ocrx_word' id='word_1_134' title='bbox 748 1968 852 2043; x_wconf 85' lang='lat' dir='ltr'><strong>semel</strong></span> <span class='ocrx_word' id='word_1_135' title='bbox 872 1968 916 2032; x_wconf 87' lang='lat' dir='ltr'><strong>ud</strong></span> <span class='ocrx_word' id='word_1_136' title='bbox 934 1969 1008 2032; x_wconf 86' lang='lat' dir='ltr'><strong>lraec</strong></span> <span class='ocrx_word' id='word_1_137' title='bbox 1024 1969 1215 2035; x_wconf 85' lang='lat' dir='ltr'><strong>desoendere</strong></span> 
     </span>
     <span class='ocr_line' id='line_1_18' title="bbox 116 2066 1216 2161; baseline 0.006 -33"><span class='ocrx_word' id='word_1_138' title='bbox 116 2066 210 2145; x_wconf 84' lang='lat' dir='ltr'><strong>velis,</strong></span> <span class='ocrx_word' id='word_1_139' title='bbox 224 2086 291 2131; x_wconf 93' lang='lat' dir='ltr'><strong>non</strong></span> <span class='ocrx_word' id='word_1_140' title='bbox 313 2073 381 2130; x_wconf 86' lang='lat' dir='ltr'><strong>tum</strong></span> <span class='ocrx_word' id='word_1_141' title='bbox 403 2068 479 2144; x_wconf 91' lang='lat' dir='ltr'><strong>hoc,</strong></span> <span class='ocrx_word' id='word_1_142' title='bbox 503 2067 592 2151; x_wconf 83' lang='lat' dir='ltr'><strong>quod</strong></span> <span class='ocrx_word' id='word_1_143' title='bbox 615 2087 637 2132; x_wconf 89' lang='lat' dir='ltr'><strong>a</strong></span> <span class='ocrx_word' id='word_1_144' title='bbox 659 2069 809 2133; x_wconf 84' lang='lat' dir='ltr'><strong>Maronis</strong></span> <span class='ocrx_word' id='word_1_145' title='bbox 831 2074 930 2161; x_wconf 80' lang='lat' dir='ltr'><strong>aetute</strong></span> <span class='ocrx_word' id='word_1_146' title='bbox 952 2067 1064 2134; x_wconf 88' lang='lat' dir='ltr'><strong>adbuc</strong></span> <span class='ocrx_word' id='word_1_147' title='bbox 1079 2071 1216 2135; x_wconf 80' lang='lat' dir='ltr'><strong>alienun</strong></span> 
     </span>
     <span class='ocr_line' id='line_1_19' title="bbox 114 2168 1214 2253; baseline 0.007 -23"><span class='ocrx_word' id='word_1_148' title='bbox 114 2173 196 2245; x_wconf 86' lang='lat' dir='ltr'><strong>erut,</strong></span> <span class='ocrx_word' id='word_1_149' title='bbox 220 2188 321 2253; x_wconf 86' lang='lat' dir='ltr'><strong>quam</strong></span> <span class='ocrx_word' id='word_1_150' title='bbox 340 2170 452 2252; x_wconf 87' lang='lat' dir='ltr'><strong>potius</strong></span> <span class='ocrx_word' id='word_1_151' title='bbox 472 2171 552 2235; x_wconf 88' lang='lat' dir='ltr'><strong>illud</strong></span> <span class='ocrx_word' id='word_1_152' title='bbox 576 2168 773 2235; x_wconf 89' lang='lat' dir='ltr'><strong>monendum</strong></span> <span class='ocrx_word' id='word_1_153' title='bbox 798 2176 886 2235; x_wconf 86' lang='lat' dir='ltr'><strong>erat:</strong></span> <span class='ocrx_word' id='word_1_154' title='bbox 908 2171 962 2234; x_wconf 88' lang='lat' dir='ltr'><strong>vel</strong></span> <span class='ocrx_word' id='word_1_155' title='bbox 984 2192 1028 2235; x_wconf 87' lang='lat' dir='ltr'><strong>ex</strong></span> <span class='ocrx_word' id='word_1_156' title='bbox 1050 2172 1118 2237; x_wconf 86' lang='lat' dir='ltr'><strong>hoc</strong></span> <span class='ocrx_word' id='word_1_157' title='bbox 1142 2173 1214 2238; x_wconf 82' lang='lat' dir='ltr'><strong>loeo</strong></span> 
     </span>
     <span class='ocr_line' id='line_1_20' title="bbox 116 2269 1216 2351; baseline 0.007 -19"><span class='ocrx_word' id='word_1_158' title='bbox 116 2269 197 2332; x_wconf 84' lang='lat' dir='ltr'><strong>satis</strong></span> <span class='ocrx_word' id='word_1_159' title='bbox 211 2275 333 2351; x_wconf 87' lang='lat' dir='ltr'><strong>patere,</strong></span> <span class='ocrx_word' id='word_1_160' title='bbox 348 2271 452 2335; x_wconf 89' lang='lat' dir='ltr'><strong>divini</strong></span> <span class='ocrx_word' id='word_1_161' title='bbox 466 2271 597 2335; x_wconf 87' lang='lat' dir='ltr'><strong>honoris</strong></span> <span class='ocrx_word' id='word_1_162' title='bbox 612 2270 797 2335; x_wconf 84' lang='lat' dir='ltr'><strong>conferendi</strong></span> <span class='ocrx_word' id='word_1_163' title='bbox 812 2292 935 2337; x_wconf 89' lang='lat' dir='ltr'><strong>morem</strong></span> <span class='ocrx_word' id='word_1_164' title='bbox 946 2273 1031 2336; x_wconf 88' lang='lat' dir='ltr'><strong>nihil</strong></span> <span class='ocrx_word' id='word_1_165' title='bbox 1046 2293 1216 2339; x_wconf 85' lang='lat' dir='ltr'><strong>commune</strong></span> 
     </span>
     <span class='ocr_line' id='line_1_21' title="bbox 115 2367 1216 2460; baseline 0.011 -30"><span class='ocrx_word' id='word_1_166' title='bbox 115 2367 269 2431; x_wconf 89' lang='lat' dir='ltr'><strong>habuisse</strong></span> <span class='ocrx_word' id='word_1_167' title='bbox 294 2389 369 2433; x_wconf 89' lang='lat' dir='ltr'><strong>cum</strong></span> <span class='ocrx_word' id='word_1_168' title='bbox 395 2371 610 2452; x_wconf 90' lang='lat' dir='ltr'><strong>opinionibus</strong></span> <span class='ocrx_word' id='word_1_169' title='bbox 635 2371 676 2433; x_wconf 93' lang='lat' dir='ltr'><strong>de</strong></span> <span class='ocrx_word' id='word_1_170' title='bbox 705 2371 818 2436; x_wconf 85' lang='lat' dir='ltr'><strong>divina</strong></span> <span class='ocrx_word' id='word_1_171' title='bbox 845 2378 974 2451; x_wconf 88' lang='lat' dir='ltr'><strong>natura,</strong></span> <span class='ocrx_word' id='word_1_172' title='bbox 1005 2373 1216 2460; x_wconf 84' lang='lat' dir='ltr'><strong>Deornmque</strong></span> 
     </span>
     <span class='ocr_line' id='line_1_22' title="bbox 114 2469 1216 2555; baseline 0.008 -24"><span class='ocrx_word' id='word_1_173' title='bbox 114 2470 266 2550; x_wconf 90' lang='lat' dir='ltr'><strong>numine;</strong></span> <span class='ocrx_word' id='word_1_174' title='bbox 288 2470 379 2552; x_wconf 89' lang='lat' dir='ltr'><strong>quod</strong></span> <span class='ocrx_word' id='word_1_175' title='bbox 393 2470 493 2552; x_wconf 85' lang='lat' dir='ltr'><strong>vulgo</strong></span> <span class='ocrx_word' id='word_1_176' title='bbox 507 2477 633 2553; x_wconf 80' lang='lat' dir='ltr'><strong>putant.</strong></span> <span class='ocrx_word' id='word_1_177' title='bbox 677 2469 795 2535; x_wconf 85' lang='lat' dir='ltr'><strong>Civilis</strong></span> <span class='ocrx_word' id='word_1_178' title='bbox 817 2491 875 2536; x_wconf 87' lang='lat' dir='ltr'><strong>seu</strong></span> <span class='ocrx_word' id='word_1_179' title='bbox 889 2473 1032 2555; x_wconf 89' lang='lat' dir='ltr'><strong>politica</strong></span> <span class='ocrx_word' id='word_1_180' title='bbox 1045 2480 1116 2539; x_wconf 86' lang='lat' dir='ltr'><strong>erat</strong></span> <span class='ocrx_word' id='word_1_181' title='bbox 1129 2477 1216 2541; x_wconf 77' lang='lat' dir='ltr'><strong>iusti·</strong></span> 
     </span>
     <span class='ocr_line' id='line_1_23' title="bbox 114 2571 1217 2659; baseline 0.003 -25"><span class='ocrx_word' id='word_1_182' title='bbox 114 2571 209 2646; x_wconf 91' lang='lat' dir='ltr'><strong>tutio,</strong></span> <span class='ocrx_word' id='word_1_183' title='bbox 225 2590 300 2634; x_wconf 89' lang='lat' dir='ltr'><strong>cum</strong></span> <span class='ocrx_word' id='word_1_184' title='bbox 322 2572 459 2635; x_wconf 86' lang='lat' dir='ltr'><strong>summis</strong></span> <span class='ocrx_word' id='word_1_185' title='bbox 475 2571 619 2653; x_wconf 82' lang='lat' dir='ltr'><strong>aliquem</strong></span> <span class='ocrx_word' id='word_1_186' title='bbox 633 2572 811 2635; x_wconf 88' lang='lat' dir='ltr'><strong>honoribus</strong></span> <span class='ocrx_word' id='word_1_187' title='bbox 825 2571 955 2636; x_wconf 86' lang='lat' dir='ltr'><strong>afficere</strong></span> <span class='ocrx_word' id='word_1_188' title='bbox 968 2573 1103 2651; x_wconf 84' lang='lat' dir='ltr'><strong>vellent,</strong></span> <span class='ocrx_word' id='word_1_189' title='bbox 1117 2594 1217 2659; x_wconf 74' lang='lat' dir='ltr'><strong>quan</strong></span> 
     </span>
     <span class='ocr_line' id='line_1_24' title="bbox 114 2671 1216 2758; baseline 0.005 -23"><span class='ocrx_word' id='word_1_190' title='bbox 114 2671 292 2753; x_wconf 89' lang='lat' dir='ltr'><strong>doquidem</strong></span> <span class='ocrx_word' id='word_1_191' title='bbox 309 2672 364 2737; x_wconf 89' lang='lat' dir='ltr'><strong>ille</strong></span> <span class='ocrx_word' id='word_1_192' title='bbox 379 2692 508 2736; x_wconf 88' lang='lat' dir='ltr'><strong>summo</strong></span> <span class='ocrx_word' id='word_1_193' title='bbox 523 2672 605 2734; x_wconf 86' lang='lat' dir='ltr'><strong>inter</strong></span> <span class='ocrx_word' id='word_1_194' title='bbox 619 2673 774 2736; x_wconf 79' lang='lat' dir='ltr'><strong>mortales</strong></span> <span class='ocrx_word' id='word_1_195' title='bbox 788 2678 860 2737; x_wconf 83' lang='lat' dir='ltr'><strong>erut</strong></span> <span class='ocrx_word' id='word_1_196' title='bbox 873 2673 948 2737; x_wconf 89' lang='lat' dir='ltr'><strong>loco</strong></span> <span class='ocrx_word' id='word_1_197' title='bbox 962 2672 1114 2758; x_wconf 84' lang='lat' dir='ltr'><strong>adeoque</strong></span> <span class='ocrx_word' id='word_1_198' title='bbox 1127 2677 1216 2754; x_wconf 89' lang='lat' dir='ltr'><strong>nibil,</strong></span> 
     </span>
     <span class='ocr_line' id='line_1_25' title="bbox 113 2771 1215 2856; baseline 0.006 -20"><span class='ocrx_word' id='word_1_199' title='bbox 113 2771 203 2852; x_wconf 86' lang='lat' dir='ltr'><strong>quod</strong></span> <span class='ocrx_word' id='word_1_200' title='bbox 218 2774 350 2854; x_wconf 88' lang='lat' dir='ltr'><strong>quidem</strong></span> <span class='ocrx_word' id='word_1_201' title='bbox 364 2773 539 2837; x_wconf 87' lang='lat' dir='ltr'><strong>humanum</strong></span> <span class='ocrx_word' id='word_1_202' title='bbox 560 2778 657 2850; x_wconf 89' lang='lat' dir='ltr'><strong>esset,</strong></span> <span class='ocrx_word' id='word_1_203' title='bbox 673 2771 754 2836; x_wconf 90' lang='lat' dir='ltr'><strong>addi</strong></span> <span class='ocrx_word' id='word_1_204' title='bbox 775 2779 915 2856; x_wconf 87' lang='lat' dir='ltr'><strong>poterat,</strong></span> <span class='ocrx_word' id='word_1_205' title='bbox 929 2775 995 2837; x_wconf 93' lang='lat' dir='ltr'><strong>nisi</strong></span> <span class='ocrx_word' id='word_1_206' title='bbox 1009 2779 1046 2838; x_wconf 90' lang='lat' dir='ltr'><strong>nt</strong></span> <span class='ocrx_word' id='word_1_207' title='bbox 1061 2776 1215 2842; x_wconf 84' lang='lat' dir='ltr'><strong>honorem</strong></span> 
     </span>
     <span class='ocr_line' id='line_1_26' title="bbox 111 2873 1214 2956; baseline 0.008 -21"><span class='ocrx_word' id='word_1_208' title='bbox 111 2873 212 2948; x_wconf 82' lang='lat' dir='ltr'><strong>modo</strong></span> <span class='ocrx_word' id='word_1_209' title='bbox 225 2875 268 2937; x_wconf 89' lang='lat' dir='ltr'><strong>ab</strong></span> <span class='ocrx_word' id='word_1_210' title='bbox 281 2875 417 2939; x_wconf 91' lang='lat' dir='ltr'><strong>heroum</strong></span> <span class='ocrx_word' id='word_1_211' title='bbox 431 2873 544 2956; x_wconf 85' lang='lat' dir='ltr'><strong>ordine</strong></span> <span class='ocrx_word' id='word_1_212' title='bbox 566 2874 666 2937; x_wconf 90' lang='lat' dir='ltr'><strong>modo</strong></span> <span class='ocrx_word' id='word_1_213' title='bbox 689 2894 710 2937; x_wconf 88' lang='lat' dir='ltr'><strong>a</strong></span> <span class='ocrx_word' id='word_1_214' title='bbox 732 2875 884 2940; x_wconf 87' lang='lat' dir='ltr'><strong>Deorum</strong></span> <span class='ocrx_word' id='word_1_215' title='bbox 904 2874 979 2938; x_wconf 87' lang='lat' dir='ltr'><strong>loeo</strong></span> <span class='ocrx_word' id='word_1_216' title='bbox 994 2881 1028 2939; x_wconf 92' lang='lat' dir='ltr'><strong>et</strong></span> <span class='ocrx_word' id='word_1_217' title='bbox 1040 2879 1172 2943; x_wconf 89' lang='lat' dir='ltr'><strong>nomine</strong></span> <span class='ocrx_word' id='word_1_218' title='bbox 1185 2881 1214 2943; x_wconf 90' lang='lat' dir='ltr'><strong>ei</strong></span> 
     </span>
     <span class='ocr_line' id='line_1_27' title="bbox 110 2976 1214 3062; baseline 0.005 -23"><span class='ocrx_word' id='word_1_219' title='bbox 110 2980 277 3058; x_wconf 84' lang='lat' dir='ltr'><strong>peterent3</strong></span> <span class='ocrx_word' id='word_1_220' title='bbox 299 2976 380 3042; x_wconf 91' lang='lat' dir='ltr'><strong>nihil</strong></span> <span class='ocrx_word' id='word_1_221' title='bbox 406 2976 548 3058; x_wconf 84' lang='lat' dir='ltr'><strong>amplius</strong></span> <span class='ocrx_word' id='word_1_222' title='bbox 572 2995 613 3039; x_wconf 86' lang='lat' dir='ltr'><strong>ea</strong></span> <span class='ocrx_word' id='word_1_223' title='bbox 634 2996 670 3039; x_wconf 88' lang='lat' dir='ltr'><strong>re</strong></span> <span class='ocrx_word' id='word_1_224' title='bbox 692 2978 880 3058; x_wconf 85' lang='lat' dir='ltr'><strong>quaesitum.</strong></span> <span class='ocrx_word' id='word_1_225' title='bbox 925 2976 978 3040; x_wconf 91' lang='lat' dir='ltr'><strong>De</strong></span> <span class='ocrx_word' id='word_1_226' title='bbox 998 2977 1100 3061; x_wconf 89' lang='lat' dir='ltr'><strong>hujus</strong></span> <span class='ocrx_word' id='word_1_227' title='bbox 1121 2979 1214 3062; x_wconf 84' lang='lat' dir='ltr'><strong>igitur</strong></span> 
     </span>
     <span class='ocr_line' id='line_1_28' title="bbox 110 3075 1212 3164; baseline 0.004 -25"><span class='ocrx_word' id='word_1_228' title='bbox 110 3075 254 3155; x_wconf 86' lang='lat' dir='ltr'><strong>honoris,</strong></span> <span class='ocrx_word' id='word_1_229' title='bbox 270 3080 328 3162; x_wconf 92' lang='lat' dir='ltr'><strong>qui</strong></span> <span class='ocrx_word' id='word_1_230' title='bbox 347 3079 445 3142; x_wconf 91' lang='lat' dir='ltr'><strong>nobis</strong></span> <span class='ocrx_word' id='word_1_231' title='bbox 467 3078 551 3142; x_wconf 85' lang='lat' dir='ltr'><strong>adeo</strong></span> <span class='ocrx_word' id='word_1_232' title='bbox 572 3078 715 3142; x_wconf 89' lang='lat' dir='ltr'><strong>insolens</strong></span> <span class='ocrx_word' id='word_1_233' title='bbox 737 3078 864 3142; x_wconf 88' lang='lat' dir='ltr'><strong>videtnr</strong></span> <span class='ocrx_word' id='word_1_234' title='bbox 885 3095 969 3154; x_wconf 90' lang='lat' dir='ltr'><strong>esse,</strong></span> <span class='ocrx_word' id='word_1_235' title='bbox 984 3079 1021 3141; x_wconf 85' lang='lat' dir='ltr'><strong>vi</strong></span> <span class='ocrx_word' id='word_1_236' title='bbox 1040 3086 1075 3144; x_wconf 90' lang='lat' dir='ltr'><strong>et</strong></span> <span class='ocrx_word' id='word_1_237' title='bbox 1093 3081 1212 3164; x_wconf 73' lang='lat' dir='ltr'><strong>signifi-</strong></span> 
     </span>
     <span class='ocr_line' id='line_1_29' title="bbox 110 3177 1209 3263; baseline 0.007 -24"><span class='ocrx_word' id='word_1_238' title='bbox 110 3184 187 3241; x_wconf 92' lang='lat' dir='ltr'><strong>catu</strong></span> <span class='ocrx_word' id='word_1_239' title='bbox 201 3198 298 3242; x_wconf 93' lang='lat' dir='ltr'><strong>nemo</strong></span> <span class='ocrx_word' id='word_1_240' title='bbox 321 3178 417 3253; x_wconf 83' lang='lat' dir='ltr'><strong>facile</strong></span> <span class='ocrx_word' id='word_1_241' title='bbox 441 3178 590 3242; x_wconf 79' lang='lat' dir='ltr'><strong>dubitare</strong></span> <span class='ocrx_word' id='word_1_242' title='bbox 612 3183 669 3241; x_wconf 89' lang='lat' dir='ltr'><strong>aut</strong></span> <span class='ocrx_word' id='word_1_243' title='bbox 690 3177 937 3260; x_wconf 88' lang='lat' dir='ltr'><strong>philosophicas</strong></span> <span class='ocrx_word' id='word_1_244' title='bbox 959 3182 992 3241; x_wconf 85' lang='lat' dir='ltr'><strong>et</strong></span> <span class='ocrx_word' id='word_1_245' title='bbox 1012 3177 1209 3263; x_wconf 71' lang='lat' dir='ltr'><strong>theologias</strong></span> 
     </span>
     <span class='ocr_line' id='line_1_30' title="bbox 109 3274 1209 3364; baseline 0.005 -26"><span class='ocrx_word' id='word_1_246' title='bbox 109 3279 260 3342; x_wconf 89' lang='lat' dir='ltr'><strong>notiones</strong></span> <span class='ocrx_word' id='word_1_247' title='bbox 283 3297 359 3342; x_wconf 92' lang='lat' dir='ltr'><strong>cnm</strong></span> <span class='ocrx_word' id='word_1_248' title='bbox 375 3299 415 3343; x_wconf 87' lang='lat' dir='ltr'><strong>eu</strong></span> <span class='ocrx_word' id='word_1_249' title='bbox 428 3278 551 3343; x_wconf 91' lang='lat' dir='ltr'><strong>bonore</strong></span> <span class='ocrx_word' id='word_1_250' title='bbox 567 3280 765 3363; x_wconf 86' lang='lat' dir='ltr'><strong>conjungere</strong></span> <span class='ocrx_word' id='word_1_251' title='bbox 778 3280 895 3361; x_wconf 89' lang='lat' dir='ltr'><strong>potuit.</strong></span> <span class='ocrx_word' id='word_1_252' title='bbox 939 3278 1050 3357; x_wconf 79' lang='lat' dir='ltr'><strong>lidem</strong></span> <span class='ocrx_word' id='word_1_253' title='bbox 1071 3274 1133 3358; x_wconf 90' lang='lat' dir='ltr'><strong>illi,</strong></span> <span class='ocrx_word' id='word_1_254' title='bbox 1156 3279 1209 3364; x_wconf 85' lang='lat' dir='ltr'><strong>qni</strong></span> 
     </span>
     <span class='ocr_line' id='line_1_31' title="bbox 109 3360 1208 3463; baseline 0.008 -25"><span class='ocrx_word' id='word_1_255' title='bbox 109 3376 248 3439; x_wconf 90' lang='lat' dir='ltr'><strong>honores</strong></span> <span class='ocrx_word' id='word_1_256' title='bbox 261 3377 392 3440; x_wconf 82' lang='lat' dir='ltr'><strong>divinos</strong></span> <span class='ocrx_word' id='word_1_257' title='bbox 406 3379 535 3460; x_wconf 76' lang='lat' dir='ltr'><strong>magnis</strong></span> <span class='ocrx_word' id='word_1_258' title='bbox 556 3379 638 3442; x_wconf 86' lang='lat' dir='ltr'><strong>viris</strong></span> <span class='ocrx_word' id='word_1_259' title='bbox 660 3380 714 3443; x_wconf 86' lang='lat' dir='ltr'><strong>vel</strong></span> <span class='ocrx_word' id='word_1_260' title='bbox 734 3378 926 3460; x_wconf 83' lang='lat' dir='ltr'><strong>potentibus</strong></span> <span class='ocrx_word' id='word_1_261' title='bbox 932 3360 1141 3459; x_wconf 74' lang='lat' dir='ltr'><strong>lielerebent,</strong></span> <span class='ocrx_word' id='word_1_262' title='bbox 1154 3398 1208 3463; x_wconf 73' lang='lat' dir='ltr'><strong>ug·</strong></span> 
     </span>
     <span class='ocr_line' id='line_1_32' title="bbox 108 3478 1204 3563; baseline 0.008 -27"><span class='ocrx_word' id='word_1_263' title='bbox 108 3480 267 3538; x_wconf 90' lang='lat' dir='ltr'><strong>noverunt</strong></span> <span class='ocrx_word' id='word_1_264' title='bbox 280 3478 482 3560; x_wconf 81' lang='lat' dir='ltr'><strong>impietatem</strong></span> <span class='ocrx_word' id='word_1_265' title='bbox 495 3480 530 3542; x_wconf 91' lang='lat' dir='ltr'><strong>in</strong></span> <span class='ocrx_word' id='word_1_266' title='bbox 543 3498 595 3557; x_wconf 92' lang='lat' dir='ltr'><strong>eo,</strong></span> <span class='ocrx_word' id='word_1_267' title='bbox 612 3483 669 3563; x_wconf 92' lang='lat' dir='ltr'><strong>qui</strong></span> <span class='ocrx_word' id='word_1_268' title='bbox 683 3480 706 3544; x_wconf 86' lang='lat' dir='ltr'>J</span> <span class='ocrx_word' id='word_1_269' title='bbox 709 3480 765 3544; x_wconf 84' lang='lat' dir='ltr'><strong>ovi</strong></span> <span class='ocrx_word' id='word_1_270' title='bbox 787 3498 824 3543; x_wconf 90' lang='lat' dir='ltr'><strong>se</strong></span> <span class='ocrx_word' id='word_1_271' title='bbox 845 3480 1039 3549; x_wconf 72' lang='lat' dir='ltr'><strong>assimulare</strong></span> <span class='ocrx_word' id='word_1_272' title='bbox 1053 3483 1160 3561; x_wconf 81' lang='lat' dir='ltr'><strong>vellet,</strong></span> <span class='ocrx_word' id='word_1_273' title='bbox 1173 3486 1204 3546; x_wconf 88' lang='lat' dir='ltr'><strong>ut</strong></span> 
     </span>
     <span class='ocr_line' id='line_1_33' title="bbox 108 3575 820 3667; baseline 0.006 -23"><span class='ocrx_word' id='word_1_274' title='bbox 108 3576 143 3644; x_wconf 89' lang='lat' dir='ltr'><strong>in</strong></span> <span class='ocrx_word' id='word_1_275' title='bbox 157 3575 220 3642; x_wconf 89' lang='lat' dir='ltr'><strong>hac</strong></span> <span class='ocrx_word' id='word_1_276' title='bbox 235 3577 310 3663; x_wconf 89' lang='lat' dir='ltr'><strong>ipsa</strong></span> <span class='ocrx_word' id='word_1_277' title='bbox 325 3579 366 3645; x_wconf 90' lang='lat' dir='ltr'><strong>de</strong></span> <span class='ocrx_word' id='word_1_278' title='bbox 380 3581 556 3648; x_wconf 85' lang='lat' dir='ltr'><strong>Salmoneo</strong></span> <span class='ocrx_word' id='word_1_279' title='bbox 571 3581 682 3649; x_wconf 85' lang='lat' dir='ltr'><strong>fabula</strong></span> <span class='ocrx_word' id='word_1_280' title='bbox 696 3587 820 3667; x_wconf 75' lang='lat' dir='ltr'><strong>patet.&#39;&#39;</strong></span> 
     </span>
    </p>
   </div>
   <div class='ocr_carea' id='block_1_3' title="bbox 0 0 1336 4686">
    <p class='ocr_par' dir='ltr' id='par_1_5' title="bbox 0 0 1336 4686">
     <span class='ocr_line' id='line_1_34' title="bbox 0 0 1336 4686; baseline 0 5"><span class='ocrx_word' id='word_1_281' title='bbox 0 0 1336 4686; x_wconf 95' lang='lat' dir='ltr'><strong> </strong></span> 
     </span>
    </p>
   </div>
  </div>
 </body>
</html>
