2664 4686
108 302 196 369 43oe
508 310 707 363 excursus
729 310 812 361 vru.

108 464 163 527 15.
206 458 324 538 Quint
360 457 452 541 qnod
479 459 648 542 superiore
674 457 772 533 libro,
804 471 855 533 vr,
878 455 1061 521 rra—777
1089 457 1197 541 aliquot

107 565 224 628 barum
251 559 381 622 urbium
408 559 481 642 ipse
508 559 727 634 excitaverat,
755 561 937 639 qnae·tnnc
967 556 1082 622 adbuc
1109 562 1198 622 aaut

63 666 66 671 '
109 664 206 725 ‘sine
233 660 364 724 nomine
386 659 504 723 terrae.'
546 659 721 742 Sapienter
746 659 860 741 itaque
882 658 927 720 ab
954 658 1024 723 bac
1045 676 1198 723 enumera

108 766 195 829 tione
217 762 387 837 abstinuit,
405 766 437 823 et
456 761 753 824 vetustissimarum
774 765 904 824 tantum
926 761 1063 825 urbium
1087 760 1199 825 nomint

108 862 278 947 apposuit,
292 862 383 925 nullo
404 868 493 924 certo
513 861 626 924 ordino
647 861 834 944 disposita:
856 880 1001 944 quarum
1018 863 1085 939 etsi
1098 880 1199 945 nmgna

108 982 189 1048 pars
202 963 284 1026 inter
297 962 448 1026 colonias
463 960 561 1025 Aloae
577 960 702 1042 longae
714 967 886 1025 numerata
898 966 967 1039 est,
975 966 1091 1027 tamen
1104 983 1152 1029 eto
1162 962 1200 1027 lit

109 1066 194 1148 ipsis
208 1065 362 1139 coloniis,
377 1062 499 1144 quibus
512 1064 629 1125 iterum
649 1062 864 1145 frequentata
885 1082 945 1126 sen
966 1064 1137 1148 suppleta
1147 1063 1200 1127 im·

109 1174 196 1242 rant,
210 1166 411 1247 antiquiores
430 1164 564 1228 ereditae
587 1170 674 1227 sunt.
720 1162 845 1228 ordino
865 1171 977 1229 autem
991 1162 1200 1248 geographia

109 1265 236 1342 relicto,
259 1265 403 1346 po'o'tieis
426 1265 609 1329 rationibus
631 1265 749 1327 melius
768 1264 935 1329 emunit
959 1265 1086 1347 poiita3
1113 1264 1200 1329 rarit-

110 1372 213 1431 tatem
227 1368 314 1429 enim
327 1374 360 1427 et
374 1365 556 1428 libertatem
571 1367 606 1428 in
621 1365 745 1428 dilectu
766 1366 832 1428 sibi
850 1366 899 1430 ita
911 1367 1057 1449 reliquit.
1103 1364 1200 1429 vnto

111 1474 213 1533 tatem
233 1467 334 1531 etiam
352 1467 386 1529 in
398 1464 464 1528 boc
479 1472 610 1527 seeuttrs
623 1472 688 1541 est,
702 1466 792 1548 quod
809 1463 1019 1546 Troianorum
1038 1466 1133 1530 mio
1149 1464 1201 1529 Ar·

112 1567 201 1632 curies
213 1575 245 1632 et
261 1564 408 1629 Etruscos
422 1567 488 1630 alio
509 1566 586 1629 loco
599 1567 904 1631 commemorandos
917 1568 1063 1646 distulit,
1077 1568 1200 1652 illosque

111 1674 254 1735 navibus
269 1671 426 1735 adrectos
439 1671 584 1732 narrarit
598 1668 654 1732 int.
671 1684 711 1745 x,
727 1669 792 1733 166
800 1689 889 1752 sqq„
903 1672 960 1733 ubi
976 1672 1023 1737 ct'.
1037 1673 1130 1739 Serv.
1188 1714 1192 1721 -
1230 1694 1233 1709 ·

159 1771 210 1835 De
236 1769 392 1833 Mezentio
414 1771 480 1832 alio
507 1769 660 1832 Excursu
680 1769 742 1852 (ιιι
758 1769 802 1832 ad
816 1769 876 1832 lib.
891 1780 978 1845 rur)
999 1771 1128 1837 dictum
1146 1778 1201 1838 eat:

111 1881 270 1956 tyratmus
295 1871 349 1934 ille
374 1871 480 1933 suerat
505 1869 649 1952 Agylla,
675 1871 767 1935 urbis
797 1870 1025 1952 Etruscorum,
1049 1894 1125 1958 quar
1151 1873 1203 1937 Po·

112 1974 247 2055 largieae
261 1972 397 2054 originis
419 1971 561 2051 vestigia
581 1973 758 2037 manifesta
774 1974 970 2038 retinuerat:
992 1975 1063 2039 vid.
1078 1976 1204 2059 Dionys.

9 2070 11 2073 ’
113 2094 139 2153 1,
163 2076 217 2140 21.
262 2073 331 2151 Qui
355 2075 513 2156 sequitur,
538 2072 724 2150 Aventinus,
749 2074 909 2138 Herculis
932 2076 1035 2153 lilius,
1063 2076 1204 2142 Graan

112 2180 249 2260 stirpem
266 2177 371 2259 patris
385 2175 516 2238 nomine
530 2176 615 2237 satis
628 2175 750 2257 prodit.
796 2175 850 2238 De
863 2194 904 2237 eo
918 2196 951 2237 v.
965 2177 1009 2240 ad
1021 2197 1056 2239 v.
1070 2178 1144 2242 655.

154 2278 340 2341 670—677.
378 2277 419 2339 ln
447 2277 501 2352 iis,
530 2294 607 2358 quae
635 2275 677 2338 do
709 2271 823 2336 Tibure
854 2283 1017 2340 memorat
1047 2277 1203 2362 Virgilius,

114 2384 225 2461 aperte
247 2379 408 2440 rationem
430 2378 589 2458 sequitur,
605 2395 705 2458 quam
726 2396 827 2458 supra
848 2376 1032 2459 attigimus,
1046 2384 1082 2443 et
1098 2397 1205 2444 moran

114 2479 217 2554 illum,
232 2480 290 2561 qui
303 2477 404 2541 veteri
418 2476 568 2538 bistoriae
582 2476 762 2557 plurimum
772 2477 859 2540 labis
874 2479 1030 2558 aspersit,
1040 2484 1079 2542 ut
1091 2478 1204 2543 mbiun

116 2579 309 2642 Italicarum
334 2577 476 2656 origines
504 2595 526 2637 a
550 2575 681 2638 Graeeis
703 2583 894 2658 repeterent.
937 2575 1060 2661 Itaque
1086 2578 1206 2643 Tiburis
1237 2634 1241 2659 ,

114 2679 274 2759 originem
289 2698 308 2740 e
323 2675 459 2738 Graecia
472 2676 583 2738 media
597 2678 741 2740 nonnulli
756 2677 930 2760 petierunt.
975 2677 1092 2746 Iocus
1104 2676 1205 2745 curn‘·

115 2796 176 2842 cus
200 2784 279 2860 post
302 2776 446 2839 Plinium
473 2794 552 2851 xvi,
577 2778 622 2841 44
645 2798 673 2839 s.
696 2780 740 2843 87
764 2777 855 2860 apud
879 2778 1043 2857 Solinum,
1070 2782 1129 2845 nbi
1148 2778 1205 2844 al

113 2877 225 2960 plures
238 2877 428 2964 hujusmodi
448 2880 577 2951 urbium
599 2899 660 2961 per
683 2881 819 2949 Italiam
837 2880 980 2960 origines
1001 2886 1204 2963 exponuntur,

113 2984 204 3044 tum:
228 2979 369 3058 ‘Tibur,
393 2980 481 3043 sicut
505 2977 592 3044 Cato
611 2980 694 3047 iacit
710 2980 945 3056 testimonium,
968 2999 991 3042 a
1011 2979 1134 3049 catillo
1153 2979 1204 3047 Δι-

115 3081 210 3159 cade,
240 3082 400 3164 praefeeto
439 3082 558 3144 classis
585 3082 752 3161 Evandri;
783 3083 870 3145 sicut
898 3081 1048 3147 Sextius'
1074 3082 1203 3161 (Sextiut

115 3181 221 3263 Niger
244 3202 319 3244 esse
342 3181 482 3259 videtur,
507 3181 619 3246 Plinio
643 3187 852 3258 memoratus,
875 3182 934 3264 qui
954 3203 1067 3265 groeoo
1088 3184 1131 3248 (le
1151 3200 1202 3249 ne

115 3284 226 3347 (licina
247 3284 389 3365 scripsit.
434 3283 513 3346 Nisi
536 3284 660 3349 Sextus
685 3283 816 3348 Gellius
837 3290 899 3361 est,
923 3284 1020 3368 cujus
1043 3286 1126 3352 liber
1146 3284 1203 3357 inl,

116 3384 220 3463 Origo
232 3384 339 3463 gentis
355 3383 542 3463 Romanae.)
557 3387 622 3449 ‘ab
637 3384 763 3467 Argiva
772 3385 954 3467 juventute’
968 3386 1021 3472 (et
1035 3388 1099 3453 boe
1111 3389 1205 3472 ptus

116 3483 174 3546 alii
199 3486 308 3547 secuti
339 3490 427 3561 sunt,
457 3485 547 3549 undo
577 3486 742 3552 Horatio:
772 3485 903 3549 ‘Tibur
932 3484 1046 3569 Argeo
1074 3490 1213 3573 positulss

117 3579 274 3664 colono’).
319 3587 328 3615 ‘
346 3582 487 3648 Catillus
502 3588 589 3650 enim
604 3585 799 3669 Amphiarai
813 3586 901 3650 tilius
915 3596 995 3671 post
1008 3590 1225 3673 prodigiam

116 3682 229 3767 patris’
244 3683 309 3766 (se.
325 3694 410 3749 terra
430 3685 552 3767 hausti)
567 3691 576 3717 ‘
592 3687 683 3770 apud
697 3687 832 3755 Thebas
846 3689 1022 3767 interitum,
1038 3689 1153 3757 OEotei
1165 3672 1241 3755 αὖ

112 3785 212 3868 jussu
236 3805 312 3849 cum
336 3791 424 3851 omni
450 3791 532 3853 t'oetu
555 3810 612 3853 ver
637 3808 769 3853 sacrum
795 3791 929 3867 missuS,
952 3794 1020 3858 tres
1045 3792 1170 3859 liberm
1187 3784 1241 3855 i1¹

117 3888 218 3952 Italia
231 3892 429 3972 procreavit,
445 3891 630 3966 Tiburtum,
653 3889 786 3967 Coram,
809 3891 978 3967 Catillum,
1000 3893 1061 3975 qni
1075 3887 1241 3976 deponi&

117 4009 161 4052 ex
187 3990 313 4073 oppido
338 3991 473 4054 Siciliae'
497 3992 651 4069 (delenda
671 3994 743 4057 baec
766 4013 838 4056 vox
860 3995 904 4056 ab
931 3991 1070 4058 indocto
1093 3986 1241 4057 homine

4 4094 8 4102 '
117 4091 256 4176 inserta)
278 4095 468 4161 ‘veteribus
482 4093 621 4162 Sicanis'
644 4091 785 4180 (Siculos
807 4094 951 4161 debebat
969 4094 1107 4161 dinem:
1134 4078 1241 4159 oeni:
