2664 4686
110 294 198 361 4216
515 310 716 362 sxcunsus
739 309 819 362 va·
878 370 883 376 ,

109 459 224 523 enasci
252 461 363 521 narrat
384 455 614 539 philosophus.
659 455 693 521 A
716 457 839 523 Dianae
862 456 1017 526 Aricinoe
1044 461 1153 527 meris
1171 480 1216 528 ro

110 560 268 644 repetitur
290 560 382 644 apud
406 559 569 639 Servium,
588 567 665 627 aute
695 562 792 646 cujus
817 561 1108 646 templumfulsse
1134 565 1216 629 artu

110 662 370 740 narratur,unde
390 662 419 725 si
445 661 606 744 fugitivus
622 664 791 747 potuisset
803 683 933 727 ramum
955 663 1151 750 decerpere,
1172 684 1217 737 aa·

114 764 239 829 cerdoti
254 785 329 828 cmn
345 765 476 828 homine
504 783 652 847 pugnare
675 783 812 829 necesse
836 770 938 829 esset.
983 763 1093 831 Ritus
1106 786 1215 850 pugn

108 866 314 944 notissimus,
329 867 440 930 velex
466 864 580 929 Ovidii
597 864 690 930 Fast.
707 883 765 943 111,
778 865 846 930 263
862 885 940 949 sqq.
987 864 1041 931 At
1053 867 1098 931 de
1114 868 1216 934 arbuto

109 968 219 1033 solum
242 970 392 1034 Servium
408 969 535 1033 tradere
560 969 707 1034 memini.
752 968 827 1032 Nec
850 975 963 1032 tamen
985 970 1023 1033 id
1047 971 1215 1055 quicqm'

109 1087 283 1134 commuue
297 1091 372 1135 cum
387 1068 609 1135 Avemalibus
623 1069 709 1134 locis
723 1076 756 1134 et
768 1089 863 1134 ramo
883 1089 985 1134 aureo
1012 1070 1215 1156 Proserpinae

108 1169 231 1236 habere
251 1173 392 1239 videtin.
437 1172 557 1236 Latere
572 1172 699 1255 aliquid
712 1172 855 1238 occultae
870 1173 1045 1254 religionis
1063 1193 1110 1239 ex
1123 1175 1215 1240 initiis

110 1272 298 1353 Eleusiniis,
325 1277 446 1339 sicum
469 1273 694 1339 Warburtono
717 1275 904 1360 conjectare
925 1275 1025 1353 velis,
1051 1275 1214 1343 seltemsd

111 1394 244 1440 sacrum
258 1396 396 1454 ramum,
413 1396 513 1459 quem
533 1384 641 1460 mysta
654 1377 798 1461 praefert,
813 1383 872 1441 aut
890 1377 935 1440 ad
956 1396 1092 1442 ramum
1109 1379 1213 1443 lmus-

109 1476 185 1555 lem,
199 1496 265 1540 non
275 1477 319 1541 ad
333 1485 489 1562 myrteam
500 1463 655 1541 coronam
665 1479 777 1542 referri
791 1498 846 1542 res
861 1477 978 1559 debet;
1001 1497 1095 1557 nam,
1111 1481 1166 1545 ubl
1177 1476 1213 1543 ud

111 1578 322 1663 Proserpinae
346 1580 479 1644 domum
494 1581 650 1656 accessit,
666 1580 793 1643 AEneas
816 1583 826 1613 ‘
843 1598 967 1662 corpus
980 1581 1111 1645 recenti
1124 1579 1213 1665 Spur-

112 1680 160 1762 git
173 1699 262 1763 aque
276 1701 467 1766 ramumque
490 1681 631 1746 adverso
656 1682 689 1744 in
714 1680 829 1744 limine
852 1679 934 1762 figit’
955 1699 990 1746 v.
1004 1681 1084 1746 636.
1096 1682 1170 1760 636,
1183 1688 1214 1746 ut

110 1784 276 1862 suspicari
290 1784 398 1861 liceat,
415 1782 459 1847 ad
473 1783 700 1847 lustrationem
716 1783 751 1845 in
765 1782 872 1846 sacris
882 1781 1034 1845 Deorum
1047 1781 1214 1849 inferum

112 1888 145 1946 et
169 1879 319 1946 Manium
348 1883 535 1947 faciendam
564 1902 640 1945 eum
667 1884 870 1966 respexisse.
915 1881 1110 1962 Enimvero,
1132 1900 1214 1949 ramo

111 1981 230 2047 eodem
246 2002 344 2048 aureo
357 2003 479 2067 aquam
501 2002 655 2066 sparsam
669 1990 703 2049 ct
724 1986 952 2071 lustrationem
968 1984 1111 2064 iactam,
1123 1985 1215 2071 potu

112 2103 180 2148 non
201 2092 328 2168 narrat;
361 2092 473 2151 narrat
491 2091 617 2150 tantum
639 2089 723 2152 hoc:
749 2107 877 2152 ramum
900 2089 934 2152 in
955 2087 1072 2151 limine
1096 2087 1164 2171 figi,
1186 2091 1215 2150 et

114 2205 191 2250 eum
207 2185 416 2271 Proserpinae
439 2207 556 2252 munus
572 2188 648 2252 ferri
679 2208 724 2252 ex
738 2190 853 2253 arbore
878 2189 945 2273 ipsi
957 2207 1075 2253 sacra:
1099 2208 1133 2253 v.
1148 2188 1214 2253 137.

111 2286 188 2352 142.
214 2289 291 2354 408.
336 2287 405 2368 Qui
428 2309 531 2373 poma
555 2309 656 2356 aurea
670 2291 706 2353 in
725 2289 868 2354 Junonis
882 2291 1008 2373 nuptiis
1035 2309 1113 2354 cum
1138 2290 1216 2355 Jove

112 2395 293 2453 memorata
311 2388 360 2474 (v.
377 2388 459 2454 Not.
475 2390 519 2461 ad
544 2387 701 2475 Apollod.
723 2413 757 2476 p.
771 2387 854 2474 410)
874 2391 1070 2468 meminerit,
1086 2392 1215 2456 interce-

111 2487 189 2553 dere
203 2491 237 2554 in
250 2491 302 2553 his
317 2509 378 2554 seu
391 2492 620 2571 cognationem
644 2512 702 2555 seu
728 2491 977 2579 similitudinem
999 2491 1153 2574 aliquam
1175 2492 1216 2555 iu·

111 2589 244 2672 telliget
262 2599 299 2655 ut
322 2591 542 2674 Proserpinae,
566 2598 726 2675 tauquam
748 2592 771 2657 J
774 2594 873 2657 unoni
896 2592 1022 2670 inferne,
1048 2611 1113 2676 pro
1136 2594 1215 2657 dono

111 2707 223 2754 ramus
237 2709 355 2754 aureus
377 2691 510 2768 seratur,
526 2697 562 2754 ut
575 2690 699 2756 Junoni
718 2695 842 2759 malum
861 2713 1009 2758 aureum.
1055 2694 1099 2758 In
1115 2695 1217 2759 Hera·

113 2790 188 2855 cliis
201 2789 267 2855 hoc
281 2793 392 2875 ipsum
404 2793 528 2857 malum
539 2794 624 2858 forte
636 2796 795 2860 eduxerat
810 2797 961 2859 arborem
984 2793 1217 2879 Hesperidum,

47 2955 50 2959 .
112 2889 200 2955 unde
224 2911 326 2974 poma
348 2911 448 2956 aurea
472 2893 679 2978 decerpenda
704 2905 738 2960 ct
761 2895 806 2959 ad
821 2893 1054 2979 Eurystheum,
1080 2894 1218 2960 lunonis

109 2991 220 3075 jussu,
242 2995 285 3059 ab
301 2994 448 3059 Hercule
462 3001 553 3060 erant
567 2996 741 3060 afferenda.
785 2995 903 3061 Altera
918 3017 963 3061 ex
979 3003 1075 3080 parte
1091 2998 1128 3061 in
1137 2987 1217 3062 Pro

113 3097 255 3182 serpinae
268 3097 391 3163 sabulis
405 3103 456 3162 est
465 3099 627 3163 comestio
639 3099 720 3163 mali
736 3098 870 3176 Punici,
886 3118 953 3182 qua
966 3099 1026 3163 illa
1041 3099 1217 3175 commisit,

112 3205 149 3265 ut
162 3203 198 3265 in
209 3201 362 3266 Plutonis
376 3202 589 3266 contubernio
600 3202 666 3266 sibi
680 3200 879 3266 manendum
894 3205 1001 3265 esset:
1023 3221 1058 3266 v.
1074 3220 1106 3264 c.
1123 3199 1218 3264 ovid

114 3300 199 3366 Met.
216 3318 251 3379 V,
272 3302 337 3365 535
351 3320 426 3384 sqq.
451 3300 578 3384 Hymn·
592 3302 629 3367 in
642 3301 717 3366 Cer.
733 3302 809 3367 371.
854 3300 1017 3379 Ceterum,
1031 3303 1099 3367 uisi
1124 3301 1220 3386 po'e'le

113 3408 224 3467 noster
236 3403 313 3486 ipse
327 3401 406 3465 doni
421 3401 632 3487 Proserpinae
655 3402 780 3467 ferendi
805 3402 1006 3467 mentionem
1028 3420 1220 3485 expressam

112 3503 258 3581 fecisset,
283 3504 350 3568 alia
363 3508 449 3566 essct
472 3523 578 3587 eaque
592 3505 779 3588 expeditior
801 3505 899 3591 ratio,
913 3502 942 3567 si
958 3522 1081 3564 ramum
1105 3500 1220 3576 ἱκετείας

113 3607 245 3671 solenne
258 3607 385 3688 insigne
400 3606 444 3670 ad
457 3607 601 3670 animum
615 3626 752 3672 revoces
776 3605 867 3684 (vide
881 3626 915 3670 v.
931 3625 961 3669 c.
980 3603 1039 3669 ius.
1056 3621 1117 3684 xl,
1134 3607 1219 3685 101),

112 3715 150 3788 ut
171 3706 256 3773 adeo
271 3727 398 3770 aureum
423 3729 544 3771 ramum
566 3707 746 3791 praeferens
770 3707 895 3771 AEneas
919 3705 962 3770 ad
988 3703 1221 3791 Proserpinam

113 3811 260 3897 supplex
268 3810 428 3890 accedat;
452 3818 519 3888 aut,
530 3810 560 3872 si
570 3807 730 3874 Mercurii
740 3807 936 3884 caduceum,
946 3804 1068 3890 virgum
1080 3826 1221 3885 narcara,

113 3913 391 3996 meminensque
405 3912 463 3978 alii
478 3911 588 3997 poetae
604 3911 648 3976 ad
658 3909 788 3975 Inferos
803 3909 933 3974 animas
942 3906 1061 3972 deduci
1078 3915 1220 3989 narrum,

114 4036 146 4080 v.
161 4036 193 4080 c.
208 4015 274 4081 Od.
288 4021 330 4094 si,
344 4015 367 4080 3
381 4011 432 4101 ἔχε
446 4013 474 4076 δὲ
496 4012 597 4100 ῥάβδον
615 4015 690 4094 μετὰ
703 4011 807 4097 χερσὶν
827 4012 939 4089 Καλὴν,
961 4008 1122 4096 χρυσείω
1143 4028 1221 4077 cum

112 4114 317 4191 ¹Mercurium
339 4116 494 4184 adhibere
514 4117 615 4202 hujus
644 4114 825 4181 descensus
853 4112 972 4178 ducem
996 4129 1063 4177 non
1091 4114 1219 4203 posset,
