2664 4686
274 331 326 380 nn
348 330 521 383 marinos
544 332 617 381 urs.
640 332 697 382 nr.
959 315 1047 383 ⁴1⁶8

94 494 120 545 ο
142 476 187 543 ud
209 476 243 543 h.
256 475 281 541 l.
307 484 341 541 et
361 476 496 560 Hygino
510 476 577 540 t'ab.
593 477 657 543 109
670 477 879 559 inteuiginrr:
901 494 1044 561 namquo

93 598 127 645 m
146 597 293 644 sororem
307 577 548 661 Polymnestori
561 584 699 661 nuptam
713 578 851 642 missum
870 597 945 641 eum
964 579 1045 643 edu·

95 680 150 746 illi
168 685 316 758 narrant3
339 698 437 761 porro
463 698 485 742 a
510 698 586 762 rege
611 681 724 761 ignaro
751 678 855 742 lilium
878 699 922 744 ex
938 679 1044 744 Ilione

93 802 128 847 m
141 781 247 846 niisse
261 787 412 846 necatum
427 800 488 863 pro
503 781 681 865 Polydoro.
720 780 766 845 V.
787 780 926 844 Excurs.
943 797 1042 845 xxiv

93 883 284 949 ‚Homerus
304 883 417 965 utique
443 883 548 961 aliter,
564 883 654 966 apud
675 902 772 966 quem
790 881 978 966 Polydorus
999 883 1043 948 ab

93 985 249 1053 reciditur
270 984 368 1049 Iliad.
395 993 426 1062 r,
450 987 516 1049 407
537 1004 612 1068 sqq.
654 984 816 1066 Virgilius
836 990 909 1047 ante
928 984 1044 1051 oculos

93 1074 248 1153 nontam
261 1085 486 1169 Euripideum,
502 1086 535 1149 in
555 1087 640 1169 ipsis
661 1085 744 1151 adeo
757 1085 879 1160 verbis,
894 1085 1008 1151 'statim
1022 1103 1044 1148 a

93 1205 115 1331 ἶ.
152 1184 206 1253 cf.
222 1184 410 1252 Notudv.
426 1187 535 1269 22sq.
1081 1210 1084 1215 ⁴

332 1484 601 1498 aun*—

261 1683 604 1761 EXCURSUS
644 1684 714 1758 IV.

92 1891 194 1955 'e-W.
219 1890 271 1954 De
287 1887 384 1955 Delo:
408 1896 418 1926 ‘
432 1893 621 1974 gratissima
636 1891 732 1955 tellus
747 1887 928 1954 Nereidum
942 1893 1038 1955 matri

92 2010 138 2055 no
148 1991 291 2072 AEgaeo.'
314 1992 510 2075 Appellatur
523 1995 572 2056 ita
581 2011 647 2056 non
661 1991 865 2073 simpliciter,
877 1996 1040 2073 quatenus

92 2093 135 2156 itu
147 2093 233 2155 enim
248 2093 341 2157 locus
356 2093 543 2175 langueret3
566 2094 625 2158 sed
639 2101 790 2176 respectu
811 2090 855 2155 ad
878 2090 1039 2171 antiquio-
1170 2176 1173 2181 1

92 2192 175 2270 lam,
190 2213 266 2276 quae
287 2214 371 2258 nuuc
392 2195 524 2276 quidem
550 2196 633 2258 satis
659 2193 808 2275 expediri
833 2210 898 2253 nou
920 2194 1039 2272 potest.

92 2296 210 2357 umen:
232 2298 242 2325 ‘
259 2293 403 2370 Postea:
418 2295 537 2374 inquit,
553 2296 563 2326 ‘
579 2293 786 2374 supplicante
800 2290 881 2354 Jovi
896 2289 1038 2368 Latona,

92 2392 244 2477 upuierri
275 2394 372 2475 aquis
400 2394 513 2475 coepit.
573 2392 661 2457 Haec
689 2391 796 2474 primo
827 2389 984 2473 Neptuno
1005 2395 1040 2454 et

92 2494 133 2559 rit
145 2499 346 2569 consecrata,
361 2491 859 2575 postea-latona—littoribus
880 2495 1039 2572 suscepto

92 2596 196 2661 uiliter
211 2595 331 2660 Strabo
347 2609 430 2668 vin,
446 2614 479 2675 p.
494 2595 558 2657 574
574 2611 611 2669 A,
629 2592 751 2656 Delum
764 2592 870 2673 primo
882 2588 1038 2672 Neptuno
1099 2640 1104 2653 .

99 2716 181 2760 mox
211 2695 349 2758 Latonae
377 2714 440 2776 pro
466 2692 623 2758 Calauria
651 2711 793 2769 cessam,
820 2711 865 2754 ex
894 2691 1038 2773 antiquis

91 2803 180 2861 urat.
218 2795 324 2872 Quem
340 2795 450 2859 locum
464 2815 539 2858 cum
553 2796 629 2858 aliis
643 2792 842 2879 conjecturis
850 2793 924 2877 jam
939 2811 1038 2856 oecu-

91 2897 162 2961 ideo
177 2915 198 2959 a
212 2894 294 2959 Viro
308 2896 446 2961 doctiss.
465 2899 499 2960 in
521 2896 641 2959 Exere.
657 2895 699 2958 de
713 2893 800 2959 Delo
817 2893 918 2957 Niso.
936 2890 1037 2957 Obss.

91 3046 97 3072 .
112 3020 148 3084 p.
163 2998 218 3063 79.
263 2995 405 3062 Omnino
418 2999 497 3061 mihi
510 2998 625 3060 videor
640 2995 752 3059 Graeci
770 2994 879 3076 poetae
899 2995 1040 3077 vestigia

91 3100 162 3164 trba
177 3101 209 3162 iu
220 3099 281 3163 hoo
293 3118 389 3160 versu
403 3100 448 3162 74
459 3096 733 3160 animadvertere:
748 3093 856 3178 Nuptis
868 3118 901 3155 τε
915 3092 1038 3180 δάμαρτι

91 3197 145 3261 u'r’
160 3205 271 3276 ἄνακτι,
287 3199 341 3262 vel
358 3196 525 3261 Ποσειδάων’
540 3194 663 3281 Αἰγαίῳ,
678 3198 712 3258 in
727 3195 813 3258 hunc
829 3196 882 3258 vel
896 3196 1037 3259 similem

121 3308 181 3363 aut
208 3301 347 3383 propius
374 3300 417 3363 ad
441 3300 544 3364 verba
567 3299 687 3362 nostri:
718 3295 856 3378 upra...
880 3295 984 3382 μητρός
1006 3322 1038 3363 τι

91 3401 142 3475 ςτ·
159 3398 290 3483 Αἰγαίου.
337 3400 515 3463 Multorum
539 3407 648 3463 autem
669 3400 848 3463 carminum
868 3420 1037 3482 argumen-

91 3527 96 3566 ι
109 3501 174 3566 suit
189 3502 305 3566 Delus.
351 3500 395 3564 V.
410 3500 498 3564 laud.
513 3501 659 3588 Exercit.
674 3522 708 3584 p.
721 3501 755 3579 3,
769 3508 803 3564 et
815 3507 924 3564 noster
937 3521 1037 3585 supra

91 3621 144 3684 ur,
174 3606 196 3668 6
231 3603 321 3668 ‘Cui
349 3623 417 3668 nou
445 3604 554 3667 dictus
583 3602 696 3685 Hylas
725 3620 806 3685 puer
833 3608 867 3665 et
895 3601 1037 3667 Latonia

91 3808 148 3871 iem
160 3807 312 3870 versibus
327 3803 450 3889 Apollo
461 3804 622 3869 Delon—‘
635 3803 802 3867 Errantem
815 3801 931 3886 Gyaro
945 3801 1037 3866 celsa

91 3928 148 3993 que
186 3905 350 3983 revinxit‚’
386 3907 415 3968 si
444 3904 639 3986 elegantiam
671 3901 844 3988 poetarum
871 3902 1036 3986 sequaris,

90 4007 233 4094 lycono,’
258 4007 404 4090 epitheto
420 4007 592 4091 posteriori
606 4007 682 4070 voci
704 4004 846 4088 adjecto,
866 4001 1038 4087 jungenda

90 4160 95 4178 .
138 4111 228 4179 sane
243 4107 369 4175 Ovidis
379 4109 512 4197 quidem
528 4108 611 4175 Met.
622 4125 689 4186 vn,
702 4108 769 4175 463
790 4105 945 4172 ‘humilis
956 4103 1033 4190 My-
