2692 4974
120 592 211 669 2562
490 598 686 666 arcuusus
704 600 878 651 oonrcurr

122 749 237 815 codicis
248 747 417 816 lechonem,
431 749 500 825 q'up
513 742 780 822 adeo-Aproniano
793 741 888 811 tribui
900 741 990 813 nullo
1013 740 1112 807 modo
1132 748 1237 821 pubis

123 868 193 911 cum
206 847 231 907 is
245 852 358 906 tantum
372 841 530 903 correxerit
543 840 661 910 librum,
669 841 694 900 ai
707 839 797 901 nodo
810 838 949 911 conexit,
961 858 1026 901 uon
1039 838 1235 918 descripser'd.

123 944 204 1022 Quid
220 943 307 1021 igitur
319 940 416 1003 Julius
430 938 556 1000 Sabinru
576 939 607 997 in
624 936 744 1016 judicio
758 957 819 997 auo
827 948 957 998 secutus·
965 936 1237 1009 ultramodum

11 1048 19 1059 ’
121 1041 178 1119 lius
202 1048 245 1099 est
267 1036 378 1108 dicere,
392 1055 460 1095 cnm
478 1034 556 1094 idern
581 1033 611 1092 in
633 1032 781 1093 nonnullis
795 1032 871 1093 locis
883 1033 1236 1111 Apronianumrnutana

122 1137 205 1199 dicat
217 1136 263 1195 sel
277 1132 431 1195 sustulisse
445 1151 490 1204 ea,
505 1150 572 1212 quse
586 1131 617 1189 in
631 1130 773 1191 Mediceo
783 1128 893 1191 codice
904 1129 1015 1193 relicta
1030 1128 1144 1191 videas·
1186 1127 1235 1191 Sia

115 1231 190 1295 'AEm
205 1248 244 1293 11.
255 1228 304 1300 76.
321 1249 435 1291 versum
450 1228 491 1289 ait
504 1229 543 1287 ab
556 1228 728 1306 Aproniano
745 1245 812 1288 esse
825 1226 996 1295 sublaturas
1018 1225 1048 1287 is
1061 1226 1236 1291 umens*-

123 1326 349 1399 diceoacccssit
363 1346 381 1386 a
395 1345 483 1419 spana
504 1322 658 1385 secunda.¹
702 1321 769 1382 Nisi
792 1320 1014 1399 itaque-Julius
1036 1317 1169 1383 Sabinus
1184 1319 1236 1385 ul-

121 1424 243 1487 modum
257 1424 416 1485 oscitanter
426 1421 483 1481 hac
496 1420 526 1481 iu
539 1440 570 1481 re
583 1426 716 1480 versatus
728 1424 794 1479 ests
821 1416 984 1479 dicendum
999 1425 1059 1489 est,
1076 1437 1148 1478 eun
1159 1415 1233 1479 siaa

123 1520 275 1599 exemplar
288 1519 437 1592 habuisse,
452 1516 536 1596 qnod
547 1515 707 1594 Aproniani
721 1534 808 1575 manu
822 1512 1086 1581 emendatoriam
1098 1519 1235 1577 essetsat

122 1624 287 1693 putaretur.
338 1614 440 1684 Quidl
461 1610 542 1693 quod
557 1612 636 1672 idem
649 1610 699 1671 illa
720 1610 759 1671 ad
781 1609 922 1671 Barcoliea
935 1609 1051 1687 passim
1075 1627 1139 1669 non
1151 1606 1238 1673 mods

121 1711 275 1783 lectiones,
298 1729 398 1770 verum
421 1709 508 1769 etiam
533 1707 724 1787 etymologias
747 1715 778 1765 ct
800 1705 1062 1785 interpretationes
1075 1696 1236 1786 Aproniani

122 1806 323 1886 laudat-quas
336 1805 415 1869 uude
428 1804 569 1876 hauserit,
583 1804 714 1869 nondum
728 1803 835 1882 reperi,
855 1823 886 1865 v.
901 1821 932 1862 c.
953 1802 992 1863 ad
1019 1803 1090 1865 uei.
1107 1818 1167 1869 ιιι.
1189 1810 1238 1865 lb.

125 1919 147 1965 1.
163 1901 194 1969 6.

162 2000 288 2071 Primus,
304 2020 391 2079 quem
416 2000 494 2060 hunc
516 1999 623 2060 librum
647 1997 815 2078 possedisse
837 2004 965 2069 conam,
981 1995 1043 2059 suit
1056 1996 1232 2076 amusim

122 2095 203 2166 Pius,
214 2096 381 2156 Cardinalis
396 2096 568 2175 Carpensis,
580 2096 635 2158 suh
650 2097 752 2157 Paullo
764 2110 820 2157 ιιι.
836 2095 870 2154 Ρ.
884 2097 942 2165 Μ..
968 2094 1021 2173 qni
1044 2112 1117 2161 eun
1128 2091 1233 2159 Achilli

95 2216 97 2220 ’
122 2190 216 2267 Statio
229 2191 424 2252 evolvendum
448 2191 615 2270 permisisse
639 2191 766 2262 videtur,
779 2190 865 2269 cujus
888 2187 980 2267 etiam
1006 2186 1142 2251 disticha
1162 2208 1232 2273 m

122 2286 303 2349 uullal'routi
316 2287 430 2348 codicis
445 2287 567 2366 praelixa
580 2288 737 2366 leguntur;
766 2305 832 2346 mox
861 2284 941 2345 idem
967 2284 1154 2365 Rudolphm
1168 2305 1231 2349 aum

123 2382 311 2445 bibliotheca
324 2384 477 2445 Vaticanus
492 2385 607 2462 legavit,
630 2394 663 2445 ut
687 2403 723 2442 ex
738 2381 806 2442 Aldi
819 2382 1044 2461 orthographia
1067 2383 1160 2445 latina
1181 2382 1232 2443 du·

122 2498 209 2543 suere
219 2477 273 2539 viri
286 2478 369 2539 docti
379 2483 404 2550 :²
435 2500 451 2539 e
466 2500 524 2559 qua
534 2479 614 2540 furto
628 2489 679 2541 aut
693 2478 751 2540 alio
766 2497 838 2543 casu
852 2490 1005 2558 surreptus
1019 2478 1052 2543 in
1067 2478 1232 2545 Medea·

121 2576 261 2652 pervenit.
1048 2586 1051 2591 '
1188 2632 1192 2637 .

163 2670 310 2748 Expressa
329 2670 509 2748 jamdudum
533 2691 568 2739 ex
590 2671 647 2730 hoc
663 2669 769 2731 codice
787 2679 849 2729 erat
872 2668 965 2730 editio
987 2669 1087 2731 Paulli
1108 2670 1231 2733 Munati

124 2771 213 2832 1583.
255 2766 361 2845 Nuper
373 2765 543 2827 adeundam
557 2784 667 2825 excusa
680 2765 772 2825 fertur
785 2764 877 2826 editio
891 2765 1109 2845 Ambrogians.
1142 2767 1229 2827 llein·

120 2861 180 2921 sius
200 2860 356 2941 diligenter
376 2882 443 2922 eum
467 2861 621 2922 Florentia
641 2862 798 2925 evulserat.
839 2861 1019 2922 varietatem
1035 2863 1173 2927 Ιεοιὶοιιίι
1185 2882 1231 2925 ra·

121 2964 252 3034 cerptam
263 2957 329 3033 jam
347 2954 422 3021 1565
439 2958 610 3034 vulgaverat
621 2958 727 3019 Brixiae
740 2958 858 3019 Paullus
872 2957 1041 3021 Gabienus.

69 3069 71 3072 ⁴
162 3051 294 3111 Alterum
309 3053 444 3111 volumen
460 3053 619 3131 Pogginius
633 3054 808 3133 promiserat
820 3052 908 3130 priori
929 3054 972 3135 illi
991 3054 1225 3133 subjiciendum.

119 3144 149 3207 in
163 3164 223 3223 quo
237 3146 388 3205 historiam
402 3145 516 3207 codicis
530 3148 652 3209 ulterius
670 3160 877 3235 persecuturus
892 3157 987 3219 esset;
1019 3150 1050 3211 in
1078 3168 1226 3229 quosqam

121 3239 211 3311 modo
224 3239 463 3319 disputauerunt,
477 3245 644 3311 accuratius
657 3244 733 3307 forse
744 3255 775 3305 et
788 3243 937 3326 copiosius
952 3245 1063 3307 tradita
1077 3245 1208 3313 fnium

616 3456 724 3508 NOTAE

146 3572 167 3619 ,¹
183 3572 243 3628 Alia
260 3574 381 3638 exempla
400 3590 425 3623 v.
444 3589 482 3624 rs.
502 3579 560 3626 278.
588 3576 651 3628 Var.
694 3577 825 3628 audiamus
840 3577 1114 3641 (inStorlsdelGran
1124 3580 1224 3630 Ducato

118 3646 197 3697 Lect-
216 3655 245 3696 et
262 3652 320 3699 268.
338 3654 397 3699 628.
437 3650 495 3698 Una
514 3657 555 3700 est
574 3651 652 3702 lectio
692 3657 721 3706 di
739 3658 855 3706 Tuscana
871 3656 911 3705 sul
931 3670 1047 3720 goverm
1066 3654 1225 3719 us’rssdlel)

117 3721 163 3773 lib.
175 3735 212 3770 ιι.
232 3727 290 3773 666.
308 3725 417 3787 medina,
436 3740 512 3788 quarn
530 3734 651 3792 tanqum
691 3731 738 3783 lib.
757 3745 777 3782 1.
796 3747 819 3783 a.
838 3737 878 3785 12.
895 3739 926 3782 et
944 3732 1071 3791 Aristan,
1086 3734 1223 3797 prolem

118 3796 296 3863 Apronianum
315 3797 414 3861 laudat,
434 3814 491 3865 qum
516 3801 543 3850 in
561 3802 652 3866 roggi-
691 3808 788 3861 Scdulii
804 3824 829 3873 p.
840 3813 882 3859 78.
902 3823 924 3859 s.
937 3813 995 3861 lta.
1030 3808 1123 3859 sodex
1134 3809 1223 3873 eratin

117 3874 195 3925 niano
206 3873 347 3938 exemplari
358 3888 408 3923 non
420 3878 543 3928 occurrit.
581 3878 650 3929 Item
691 3883 800 3933 cimeliis
820 3883 910 3932 domus
928 3882 962 3933 de
983 3884 1080 3935 Monte
1104 3884 1151 3949 (de
1176 3899 1222 3953 qus

117 3949 169 3999 alia
179 3951 225 4000 lib.
238 3963 277 4000 ιι.
288 3954 346 4000 666.
689 3959 810 4008 dubitare
822 3959 884 4008 licet
893 3976 905 4020 3>
922 3974 938 4009 a
950 3952 1093 4024 liudolpho
1103 3959 1223 4026 carpensl

149 4026 162 4054 ²
180 4029 219 4077 Ea
230 4028 330 4078 ratione
340 4029 397 4079 haec
408 4032 559 4094 exposuisse
578 4032 650 4082 vide·
690 4035 724 4083 ad
743 4048 800 4083 earn
817 4041 921 4097 gentem
941 4035 1074 4098 perlatam
1093 4050 1154 4085 erm
1171 4048 1222 4086 αι

116 4117 184 4167 mur,
199 4119 251 4173 qus
267 4103 423 4159 dubitationi
433 4109 491 4160 PP.
502 4109 650 4159 Benedicti·
689 4109 850 4172 probabilius
872 4108 933 4175 ht);
947 4110 1057 4177 3Julius.
1068 4112 1122 4165 111.
1142 4125 1176 4163 er
1193 4124 1222 4162 ea

115 4194 173 4230 nor.
184 4180 202 4230 l.
215 4181 234 4233 l.
252 4195 278 4245 p.
288 4185 329 4230 52.
341 4180 381 4246 (a)
402 4190 572 4246 occurratar3
598 4185 648 4235 etsi
689 4189 768 4245 gente
778 4182 900 4233 oriundos
920 4184 1041 4235 codicem
1060 4187 1132 4237 dono
1148 4185 1221 4236 dede-

115 4255 194 4319 vulgo
210 4254 325 4306 Achilles
342 4258 441 4317 Statius
460 4260 530 4309 inter
548 4275 649 4324 posses·
689 4266 731 4313 rat
742 4259 873 4309 Cardinali
883 4261 1041 4312 Innocentio
1051 4263 1087 4313 de
1099 4263 1221 4323 hiante,a

114 4342 187 4379 sores
217 4331 316 4382 codicia
350 4332 473 4387 refertar.
524 4334 649 4387 Ceterum
688 4349 740 4398 quo
760 4340 833 4386 1668.
848 4337 964 4391 muneris
983 4338 1045 4393 loco
1057 4339 1177 4409 persenit
1191 4336 1221 4390 sd

115 4405 649 4485 malehecmnatasunt‚sifldldsalum
689 4406 829 4465 Cosmum
