2664 4686
116 309 205 374 431⁰
528 320 729 374 nxcunstm
750 322 804 372 ιν.

160 465 312 553 Pagrum
335 465 370 529 in
392 465 512 549 clypeo
532 467 742 550 exsculptam
766 464 942 530 nomm
965 468 1076 551 poeta
1096 473 1214 555 egregie

114 570 269 647 urant,
290 570 321 632 si
344 589 422 633 cnm
448 568 629 632 Homerico
651 576 686 634 et
709 568 1214 656 Hesiodeoclypeocompares

114 671 1215 755 Graecipoiitaeilloantiquosemronepmclareinhocusiem,

115 775 280 860 ut'ssgala,
306 779 397 858 Κῆρα,
423 771 528 851 Φόβον,
550 775 585 836 ἰιι
607 774 683 837 acie
701 774 939 836 murman.
985 771 1215 841 Redditalrrcc

112 874 261 961 ipsaant
274 879 397 942 similia
410 878 587 959 sculptoris
600 871 1010 958 artefnemntinCypsdi
1032 895 1116 942 arm
1135 877 1214 961 apul

112 979 327 1058 Pausaniam,
350 998 427 1063 qnae
450 979 618 1061 sigillatim
640 977 721 1040 olim
735 977 922 1040 aceruatius
941 995 967 1040 ι
986 997 1045 1042 me
1067 982 1215 1063 exposita

111 1087 206 1145 sunt:
228 1079 391 1162 Virgilius
408 1098 549 1164 pugnem
574 1074 719 1140 necuim
740 1077 913 1149 mostitnit
934 1085 970 1142 et
993 1080 1039 1141 ab
1061 1077 1213 1164 Apolline

112 1179 256 1247 Actiaco
269 1183 407 1265 propria
418 1200 527 1245 rerum
540 1185 731 1262 argurmerna
742 1180 862 1261 petivit
873 1198 979 1242 verns.
992 1179 1063 1245 677
1076 1201 1153 1266 sqq.

156 1281 242 1347 Cum
264 1284 299 1345 in
324 1283 376 1347 lris
400 1282 579 1363 Virgilium
602 1280 657 1344 vel
682 1279 857 1343 delmdam
879 1280 935 1344 vel
961 1300 1142 1348 excusam:
1168 1289 1213 1347 est

112 1384 215 1462 alind,
238 1382 922 1469 quodubaliisnonreprelnensumvideo,
946 1382 1023 1465 ipse
1037 1386 1210 1467 segniora

112 1486 156 1550 In
180 1505 281 1549 reram
304 1486 436 1550 seilicet
456 1480 583 1561 dilectu,
606 1502 692 1567 quas
715 1485 750 1546 in
771 1483 891 1567 clypeo
907 1485 1106 1568 exsculptos
1119 1488 1210 1567 (Μὴ,

112 1588 418 1672 certumjudicium
442 1588 504 1651 vix
526 1591 659 1650 secutos
681 1585 785 1648 videri
807 1589 930 1668 potest
972 1585 1210 1654 omisssesn

111 1688 216 1752 multo
230 1690 422 1753 clarioribus
435 1688 534 1752 factis
546 1689 686 1752 intexuit
696 1687 865 1762 nonnullo,
891 1707 969 1770 quac
985 1690 1157 1771 quomodo
1168 1693 1212 1756 in·

111 1791 161 1850 ter
183 1788 366 1868 insigniora
388 1787 614 1851 Romanorum
635 1787 725 1852 sacta
748 1787 801 1851 vel
825 1786 896 1850 sata
919 1787 1033 1852 referri
1057 1793 1212 1873 potumint

110 1908 176 1953 non
189 1907 368 1971 assequor:
391 1894 429 1951 ut
442 1888 527 1951 Meti
543 1887 676 1953 lulletii
696 1888 910 1973 supplicium,
933 1891 1028 1972 quod
1050 1893 1210 1976 vernado

58 2069 60 2073 Ι
111 1987 915 2067 defedamnonhabeo30tiumsidixero,1llba
937 1990 1050 2055 diruta
1075 1991 1211 2058 &man

111 2090 253 2173 lisignis
266 2096 477 2154 consecutam
490 2109 565 2153 esse
586 2090 797 2167 incrementa,
820 2095 855 2154 et
875 2090 1062 2157 motum
1088 2101 1210 2178 specte

111 2192 190 2270 culi,
206 2191 250 2256 ad
263 2199 409 2256 nostrum
423 2208 557 2256 musam
570 2191 820 2269 intolerabilem,
827 2195 954 2276 asperis
964 2201 999 2258 et
1008 2195 1210 2277 padam

111 2313 232 2375 pugnae
242 2296 384 2359 assuetis
394 2293 617 2358 Romanorum
628 2295 747 2357 animis
754 2295 862 2357 minus
870 2293 1047 2376 displicere
1055 2298 1211 2378 polluisse

111 2391 325 2473 Religionum
346 2394 503 2478 majestas
530 2413 691 2458 excusare
718 2392 801 2458 sorte
826 2399 936 2476 potest
962 2394 1135 2462 Saliorum
1162 2398 1211 2463 tri·

109 2492 225 2577 pudia,
250 2495 473 2578 Lupercorum
498 2494 763 2572 discumafiones,
787 2501 1010 2561 matronarum
1037 2517 1210 2584 pompam

26 2656 30 2663 .
110 2602 144 2666 in
168 2605 210 2667 iis
233 2610 343 2666 tamen
364 2605 465 2667 nimis
486 2624 601 2687 presse
624 2610 657 2668 et
682 2611 819 2687 anguste
840 2604 1025 2674 Homerum
1039 2607 1210 2673 amulam

110 2721 184 2764 esse
207 2701 348 2778 videtur,
372 2705 431 2783 qni
452 2723 486 2765 v.
509 2704 574 2768 590
603 2705 737 2769 chorum
764 2707 1005 2788 elegantissime
1034 2705 1209 2772 effinxerat

110 2799 272 2866 Anserem
294 2801 484 2865 volitantem
507 2806 537 2866 si
561 2806 740 2882 omisisset,
768 2806 948 2887 argumenti
978 2807 1145 2891 majestati
1171 2806 1210 2871 ad

109 2910 258 2968 nostmm
289 2922 420 2966 sensum
453 2905 573 2968 melius
602 2907 832 2971 consuluisset.
876 2907 1092 2990 Intercipitur
1119 2926 1210 2992 porro

109 3009 200 3071 totus
214 3004 394 3087 argumenti
411 3003 555 3069 Romani
570 3012 662 3070 tenor
675 3009 772 3071 rebus
787 3008 900 3071 inieris
913 3010 1130 3092 interpositis,
1155 3010 1211 3073 etsi

109 3107 218 3183 video,
243 3109 323 3192 quid
339 3108 374 3170 in
387 3107 440 3170 his
454 3109 547 3191 sequi
561 3111 707 3191 potuerit
720 3108 831 3193 polita.
875 3108 996 3174 Voluit
1016 3109 1103 3175 sorte
1126 3110 1211 3175 Cati·

108 3207 184 3272 linae
199 3218 232 3272 et
251 3209 388 3273 Catonis
407 3212 605 3284 meminisse,
620 3230 759 3293 quorum
783 3212 917 3275 alterum
940 3212 975 3274 in
999 3210 1122 3276 Inferis
1145 3231 1211 3276 sce·

108 3308 212 3374 lerum
226 3329 346 3391 poenas
360 3310 450 3373 luere
464 3330 526 3392 par
540 3316 591 3374 est
603 3312 752 3392 crederc3
774 3319 807 3376 et
820 3313 965 3375 oratione
975 3312 1077 3377 docte
1090 3315 1210 3377 variata

108 3408 185 3473 loca
198 3417 441 3487 commemorat,
457 3413 490 3473 in
505 3413 625 3495 quibus
638 3414 687 3477 illi
701 3413 895 3477 detinentur.
940 3411 1058 3477 Habet
1071 3415 1209 3496 speciem

109 3507 268 3591 aliquam,
283 3528 344 3573 nec
358 3517 469 3575 tamen
483 3513 619 3576 multum
633 3515 850 3597 probabilem,
863 3514 941 3592 hoc,
955 3520 992 3578 ut
1005 3514 1117 3593 dicas,
1128 3515 1209 3581 dele·

110 3610 198 3692 gisse
224 3612 356 3694 poetam
384 3635 437 3692 ea,
476 3635 613 3699 qnomm
641 3617 700 3682 illo
727 3625 873 3700 tempore
901 3618 998 3698 signa
1025 3620 1156 3700 passim
1179 3620 1210 3680 ot

111 3711 247 3797 sculpta
274 3735 339 3779 aere
355 3718 406 3780 vel
430 3736 590 3782 marmore
615 3738 719 3800 opera
744 3718 863 3783 Romae
893 3718 1119 3782 cernebantur.v
1162 3716 1208 3782 lle

111 3811 220 3898 Lupa,
245 3815 287 3878 de
301 3814 434 3880 Sabinis
447 3820 563 3901 raptis,
586 3819 628 3882 de
643 3817 784 3895 Coclite,
805 3818 846 3882 de
860 3817 992 3894 Cloelia,
1015 3819 1158 3897 Manlio,
1179 3821 1208 3881 et

110 3933 226 3981 ansere
250 3936 364 3981 verum
393 3917 458 3982 hoc
479 3938 552 3982 esse
582 3919 663 3984 sorte
687 3926 808 4002 potest
853 3920 909 3986 Fit
931 3939 1065 4004 quoque
1092 3921 1207 4004 proba·

109 4015 187 4096 bile,
201 4018 306 4084 luisse
320 4017 464 4103 Augusti
475 4025 601 4106 tropaea
614 4022 648 4085 in
662 4018 843 4105 Capitolio,
857 4041 935 4108 quaa
944 4019 1122 4088 Actiacam
1132 4038 1205 4108 pug-

109 4122 400 4189 narucxlribcrent.
