2664 4686
105 264 193 331 4484
449 270 641 323 nacattws
664 272 885 323 nantolio!

147 428 284 485 auctores
297 416 437 477 latinos:
459 415 621 493 laudatque
640 414 672 475 ia
692 416 754 495 llp.
775 415 940 497 piniana
951 415 1001 477 ad
1021 416 1202 480 unns

148 516 245 581 Codri.
259 514 384 575 masinae
404 513 675 591 prestantissima
687 512 782 583 illu,
802 532 967 592 mque
981 515 1090 575 inat:
1099 514 1205 583 -'.

148 614 199 693 qui
212 630 311 690 parem
327 618 470 669 vetustata
483 609 593 668 nullom
608 629 662 686 per
674 609 828 687 aarum
841 611 1027 673 mm
1041 630 1126 672 true
1135 612 1205 677 H,

147 706 430 771 serratumamulto
444 715 576 783 tempore
591 704 621 763 in
637 705 836 765 harentbn
857 705 1032 767 fluuit
1055 706 1209 767 hihlirtlsa

147 803 269 883 -quod
282 804 380 882 ipsum
393 802 541 880 exemplar
554 802 656 860 usibus
671 801 740 861 Aldi
755 802 882 861 hlanutii
897 796 1159 875 maturitatis,
1174 822 1210 861 aa·

144 904 196 980 jus
214 900 245 959 iu
266 898 494 978 orthographica
517 918 604 976 opere
627 898 764 957 laudatar
785 899 901 977 passim
925 918 1143 977 ρουωοιυ
1158 898 1211 957 aa

150 1009 221 1058 tuuc
235 1006 340 1055 nactus
355 995 537 1055 Ludovicum
552 994 739 1055 cardinala-
752 994 950 1074 Carpeiserm
971 1016 994 1055 a
1007 1016 1077 1074 qao
1087 994 1209 1075 pond

149 1093 294 1153 Achillem
309 1093 434 1153 Statium
448 1093 576 1153 devenit.
616 1093 769 1165 (lleinsius
780 1102 855 1152 erat.
880 1092 1002 1153 Vm
1027 1112 1142 1151 norae
1160 1108 1211 1171 μ·

148 1190 265 1249 scssnris
287 1189 342 1249 snit
365 1189 542 1267 Rudolphus
556 1190 636 1261 Pius,
657 1189 748 1249 eard.
778 1188 952 1267 camenas,
973 1188 1037 1247 sith
1056 1188 1212 1248 Padlottt.

148 1287 184 1345 Ρ.
194 1286 239 1343 Μ.
263 1283 315 1362 qui
337 1304 405 1344 euna
419 1285 526 1344 Achilli
539 1285 631 1345 Statio
644 1284 838 1345 evolvendum
852 1286 1038 1362 permisisse
1051 1284 1176 1353 vialata,
1185 1300 1212 1340 ar

149 1380 218 1441 (lein
232 1379 419 1439 bibliotheca
432 1380 585 1439 Vaticana
598 1380 713 1457 legavit,
735 1401 772 1440 aa
786 1400 847 1459 qua
859 1381 1028 1440 arannem
1042 1400 1117 1440 casir
1129 1380 1211 1457 diquo

149 1476 180 1543 in
195 1476 359 1536 Malliacum
374 1477 528 1553 pervenit.)
569 1476 659 1543 Quod
674 1477 817 1555 reliquum
828 1486 885 1546 est,
904 1478 1010 1554 ipsum
1023 1478 1175 1538 lleiasinn
1184 1474 1212 1532 a

150 1573 379 1652 orthographica
398 1572 521 1641 ratione,
542 1592 631 1650 qnam
655 1582 784 1642 secutus,
815 1572 960 1648 quadam
983 1573 1017 1631 in
1040 1574 1146 1633 adam
1167 1573 1212 1647 Ep

147 1668 346 1741 alluctantem,
367 1674 447 1747 (quta
459 1679 563 1729 contra
576 1669 708 1729 novellos
718 1664 900 1747 antiquitatis
912 1670 1024 1729 namin
1036 1670 1127 1747 enjus
1139 1687 1212 1727 nn·

150 1764 268 1833 latores,
289 1766 318 1822 in
333 1764 460 1823 minutiis
473 1764 532 1823 vim
546 1763 622 1823 Latii
635 1774 787 1841 ponentes,
808 1764 937 1842 repetita
956 1766 1032 1840 sint)
1052 1766 1212 1826 audiam:

148 1859 432 1937 ‘Orthographicam
447 1858 595 1919 scribendi
608 1860 749 1920 rationem
763 1862 838 1921 hauc
851 1860 882 1919 ia
892 1862 1064 1942 plerisque,
1076 1882 1133 1921 aoa
1141 1861 1210 1921 euim

149 1953 180 2014 in
193 1956 337 2027 omnibns,
358 1956 452 2015 sensui
476 1975 586 2026 sumus,
609 1976 698 2034 quam
713 1957 914 2035 castigatiores
928 1958 1003 2017 libri
1017 1957 1209 2036 palathas

149 2050 305 2115 Obsolerit
327 2052 418 2114 lsrme
439 2052 518 2131 apud
542 2073 608 2123 nos,
628 2053 709 2131 quod
732 2054 761 2111 in
775 2073 831 2112 usu
844 2064 944 2112 tamen
960 2056 1073 2132 priscis
1084 2052 1212 2113 anaim

149 2147 385 2226 frequentissimo
398 2148 466 2221 fuir,
486 2149 511 2209 si
531 2148 603 2227 quid
623 2149 831 2209 vetustioribus
844 2149 1032 2209 membranis
1043 2162 1092 2211 cst
1103 2148 1213 2209 udu-

149 2242 234 2316 rlum,
255 2254 288 2304 ut
301 2245 503 2305 declinationis
517 2246 610 2306 tertirc
623 2246 784 2314 nominum,
804 2265 872 2322 qut
894 2265 1005 2306 casam
1025 2244 1213 2326 pluralanin

149 2339 212 2406 iaris
226 2341 390 2412 terminant,
411 2352 531 2420 quartus
544 2362 630 2401 canus
643 2342 747 2402 iisdem
761 2342 792 2400 in
807 2343 833 2400 is
846 2361 906 2399 non
927 2343 957 2400 in
983 2361 1018 2401 es
1041 2343 1213 2402 terminetur.

156 2434 244 2507 Urbs,
270 2438 366 2508 arbes,
393 2438 519 2509 sarlium,
540 2440 633 2499 urhis.
678 2439 766 2508 Gens,
791 2446 905 2517 gentes,
933 2441 1088 2518 gentian,
1109 2439 1213 2519 gestis.

152 2535 265 2603 Omnis,
293 2555 398 2605 omncs,
427 2539 563 2607 omnium,
592 2539 695 2595 omnis.
736 2536 812 2594 Hinc
844 2535 960 2593 initium
991 2536 1213 2595 Sallustianum:

149 2629 275 2688 lOmnis
290 2629 423 2689 homines
437 2651 550 2689 surrima
563 2651 621 2708 ope
635 2631 704 2689 auiti
719 2630 825 2690 dccet!
864 2635 967 2708 Atque
982 2634 1042 2690 hac
1054 2633 1092 2691 ila
1105 2652 1138 2690 re
1149 2649 1213 2690 cun

149 2722 325 2791 Priscianus,
347 2734 410 2780 tum
434 2724 483 2781 alii
507 2745 544 2783 cr
567 2725 696 2801 antiquis
720 2727 940 2796 Grammaticis,
962 2727 995 2785 in
1009 2728 1113 2805 prim'a
1126 2727 1212 2786 Aulus

147 2817 276 2891 Gallius,
299 2818 424 2878 ubertim
437 2832 576 2897 egeritur:
599 2822 650 2898 qui
663 2821 797 2900 disputat
811 2842 945 2901 operose,
967 2844 1026 2882 cur
1042 2827 1128 2883 Maro
1139 2841 1212 2882 nunc

148 2916 217 2987 iris,
239 2934 318 2979 isaac
329 2922 391 2977 tres
404 2914 520 2976 dixerit.
563 2917 640 2976 Nam
654 2918 735 2994 qnod
760 2920 833 2977 treis
853 2922 1010 2977 stauracia
1034 2930 1066 2978 et
1080 2920 1175 2979 arlais
1185 2928 1213 2976 ct

148 3014 240 3093 quir,
261 3013 376 3091 aliaque
399 3012 429 3073 id
452 3033 544 3091 geniis
567 3032 624 3071 uon
649 3033 756 3091 panca,
778 3015 884 3092 passim
899 3014 928 3071 in
943 3016 1076 3092 vulgatis
1085 3016 1212 3076 «lihna-

149 3120 281 3178 currunt,
303 3130 338 3168 ea
361 3109 528 3168 Pacuviano
554 3110 744 3187 Ennianoquc
764 3110 851 3187 digna
874 3120 1022 3187 tompore,
1044 3132 1105 3171 non
1126 3110 1214 3188 virgi·

150 3205 227 3266 liano
240 3226 411 3266 oeusoamus
425 3205 502 3263 licet.
544 3206 642 3264 Habet
657 3206 731 3263 enim
747 3206 776 3263 iis
791 3205 905 3264 deliciis
926 3207 1015 3266 Maro
1037 3209 1211 3267 archaismos

149 3321 185 3360 ac
208 3313 319 3360 veteres
342 3302 481 3377 loquendi
507 3304 620 3370 modos,
643 3303 694 3361 sed
710 3303 806 3360 sobrie
820 3303 850 3361 id
864 3323 900 3360 ac
915 3323 1016 3380 parca,
1038 3316 1073 3363 ut
1086 3306 1156 3362 nisa
1167 3314 1211 3360 est

149 3395 219 3454 huic
245 3404 341 3472 potitos
366 3397 580 3471 castigatissimi
600 3397 709 3470 judicii
732 3398 774 3456 vis
797 3399 827 3455 in
848 3401 998 3459 omnihus.
1042 3402 1112 3460 Eam
1132 3410 1208 3458 certe

149 3489 296 3550 scribendi
310 3492 452 3549 rationem
468 3491 517 3548 illo
541 3492 655 3551 vivente
668 3494 836 3565 obtinuisse,
857 3505 891 3553 ut
903 3501 1010 3568 omnis,
1032 3510 1062 3556 et
1075 3496 1155 3556 arlia
1166 3494 1209 3552 ‹ti-

148 3599 258 3658 cereut,
280 3608 338 3647 uon
353 3589 451 3646 arlais
464 3598 516 3645 ant
541 3591 658 3659 omneis,
680 3589 710 3648 in
735 3600 840 3666 quarto
860 3609 932 3650 casu
955 3594 1073 3670 plurali,
1093 3615 1129 3652 er
1142 3592 1209 3670 ipsis·

149 3684 274 3743 Caesaris
289 3687 412 3764 Augusti
428 3685 554 3744 numinis
566 3685 680 3761 liquido
694 3698 827 3764 apparet,
842 3687 871 3745 in
885 3708 1014 3764 quorum
1028 3709 1090 3750 non
1104 3689 1208 3768 paucis

149 3780 231 3860 apud
245 3801 291 3839 mc
304 3781 482 3853 astantibus,
505 3782 598 3841 civica
610 3782 764 3842 esliilrntur
788 3804 895 3842 corona
918 3805 989 3843 cum
1016 3789 1073 3845 hac
1095 3784 1208 3861 insorip

149 3878 240 3949 tione,
263 3896 307 3938 oa
332 3895 423 3938 crv1s
449 3895 634 3939 saas'sros.
676 3882 785 3939 Extant
804 3893 832 3939 et
857 3882 990 3958 ejusdem
1007 3883 1208 3962 AngustiCa·

149 3977 221 4035 saris
235 3978 420 4047 numismata,
442 3997 566 4053 quorum
590 3980 627 4037 ab
652 3979 743 4037 altera
767 3989 848 4055 parte
873 3979 941 4037 Divi
964 3980 1038 4039 Julii
1062 3982 1209 4059 imagoest

150 4090 299 4150 expressa,
321 4074 430 4137 additis
445 4073 526 4135 hisco
540 4075 630 4136 literis
646 4091 749 4136 nrvos
767 4092 898 4149 ramus,
919 4096 980 4134 non
994 4093 1114 4138 nrvns.
1135 4077 1207 4137 llinc
