2664 4686
108 305 195 372 4218
509 318 708 369 nxounsus
731 317 814 367 vm.
858 324 869 345 ·

110 462 244 548 poetas,
268 462 421 545 inprimis
436 462 642 542 Homerum3
665 480 742 527 oum
768 462 804 525 in
817 461 949 544 volgari
971 479 1111 545 quoque
1129 459 1201 544 μὴ,

111 584 223 630 corum
248 564 413 627 hominum
435 580 595 639 sermone,
609 568 645 626 nt
660 564 804 645 quisque
818 565 853 626 in
866 569 936 626 arte
950 580 1017 625 sna
1030 561 1200 637 excolhot,

110 666 160 730 ita
183 663 283 727 modo
298 669 436 727 artema
462 665 539 728 Diis
564 665 747 746 accepisse,
770 663 869 729 modo
893 683 936 727 ea
960 670 1033 727 arte
1050 662 1200 728 camois

112 765 307 833 contendere
322 765 495 831 diceretur.
540 764 599 829 Sic
624 765 800 849 Thamyris
826 784 901 829 cum
928 763 1042 827 Masis
1062 762 1198 839 llindl,

111 865 178 931 595
207 886 294 948 sqq„
321 867 372 931 sic
399 866 561 944 Pierides,
579 868 629 929 sic
655 865 788 929 Sirenes
803 885 877 929 cum
903 864 1031 940 Musis,
1063 862 1199 946 mm

112 984 188 1031 oum
201 965 370 1050 Apolline,
387 968 530 1053 Eurytus
545 987 623 1032 arcu
639 988 714 1033 cum
732 967 850 1030 eodem
865 964 991 1050 Odyss.
1010 972 1050 1042 θ,
1064 963 1130 1030 224
1141 982 1198 1046 sqq

112 1074 285 1133 certanmt.
330 1068 463 1133 Passim
477 1070 540 1134 hoo
554 1070 715 1133 monitum
728 1068 772 1133 ad
782 1066 1046 1151 Apollodorum.

518 1402 818 1421 Μ

416 1630 756 1724 EXCURSUS
800 1645 913 1721 v111.

115 1867 414 1920 CHOROGRAPHIA
431 1870 611 1921 Locorum
632 1867 854 1920 INFERORUM
871 1865 921 1917 EX
939 1865 1075 1918 Pon‘rae
1090 1863 1204 1919 istm

160 2024 193 2091 N
196 2048 238 2091 on
253 2027 464 2111 injucundum
478 2047 553 2092 esse
567 2032 688 2111 potest,
713 2045 779 2091 uno
792 2027 868 2091 loco
879 2027 1092 2112 propositam
1101 2024 1207 2091 habere

116 2130 226 2193 animo
241 2134 343 2193 totam
365 2129 512 2192 locorum
534 2128 711 2192 inferorum
725 2127 992 2210 descriptionem,
1008 2127 1120 2212 qualis
1132 2124 1210 2191 illan

115 2227 257 2310 Virgilio
271 2230 333 2293 hoc
347 2231 431 2294 libro
446 2236 497 2293 est
520 2229 685 2312 exposita.
731 2226 819 2306 Quae
835 2229 892 2291 alii
907 2221 965 2291 seu
990 2227 1149 2291 imitando
1162 2243 1211 2290 sea

115 2348 203 2392 nova
231 2330 381 2409 tingendo
410 2330 575 2407 variarint,
604 2337 641 2393 ut
670 2328 797 2392 Seneca
824 2327 929 2391 Herc.
953 2327 1018 2391 fur.
1043 2327 1111 2391 658
1137 2346 1213 2410 sqq,

115 2427 229 2492 Valer.
246 2429 297 2492 Fl.
312 2431 370 2494 lib.
389 2449 398 2493 1
413 2432 475 2495 sub
487 2431 510 2495 f.
526 2432 591 2495 827
611 2451 660 2514 sq.
678 2449 764 2494 nunc
787 2448 854 2492 non
864 2449 1031 2493 curamus.
1072 2427 1216 2493 Teutavit

111 2529 182 2611 jam
197 2530 283 2591 idem
300 2532 463 2616 Spencius
477 2537 510 2594 et
523 2533 544 2594 J
548 2535 673 2595 ortinus
691 2532 785 2595 Diss.
801 2548 903 2615 V1,p.
925 2530 993 2595 258
1007 2539 1130 2613 praeter
1144 2528 1217 2592 alios

117 2626 231 2709 lntpp.
266 2629 436 2694 Nonnulla
457 2632 573 2694 iterum
596 2633 749 2696 tractam
783 2630 991 2695 Wernsdors.
1020 2631 1122 2696 Poet.
1149 2630 1218 2694 min·

116 2725 213 2789 Tom.
244 2745 268 2788 ιι
296 2728 439 2794 Excurs.
456 2748 569 2796 xviri.
614 2733 686 2797 Res
706 2754 782 2797 cum
798 2752 858 2817 per
871 2752 908 2796 se
930 2752 997 2796 non
1015 2733 1220 2796 inutilisesse

116 2832 225 2907 potest
240 2828 282 2890 ad
299 2828 409 2909 poetae
433 2831 743 2914 interpretationem,
758 2841 827 2898 tum
851 2852 931 2896 vero
958 2832 1063 2895 etiam
1082 2833 1125 2896 iis
1139 2835 1220 2914 gruta

116 2943 191 2988 esse
206 2927 312 3005 debet,
328 2931 386 3012 qui
410 2931 531 2994 Dantis
547 2932 726 3011 Internum,
741 2935 862 3017 partim
883 2953 927 2996 ex
946 2931 1103 3011 Marone,
1119 2932 1220 3016 quois

117 3025 201 3090 duco
226 3030 339 3107 utitur,
356 3051 562 3115 expressum,
586 3041 656 3099 tum
670 3037 772 3100 etiam
793 3037 931 3098 aliorum
955 3032 1134 3118 poetarum
1156 3033 1222 3096 loca

118 3146 312 3211 comparare
328 3132 450 3195 volunt.
496 3133 548 3198 Ita
563 3135 666 3200 Silius
688 3153 776 3213 xlm,
791 3137 858 3200 526
873 3156 950 3218 sqq.
974 3141 1083 3199 totam
1106 3134 1221 3199 lnr'ero·

117 3248 188 3291 rum
204 3231 459 3317 descriptionem
473 3237 628 3313 variavit,
643 3239 757 3301 decem
772 3240 890 3322 portis,
905 3242 938 3301 et
956 3239 1075 3320 septis,
1091 3233 1222 3321 puto,ln

118 3330 161 3392 iis
175 3334 377 3412 constitutis3
400 3340 435 3397 ut
450 3333 601 3399 Platonis
616 3339 731 3401 circuli
746 3345 820 3401 ante
834 3339 951 3402 oculos
965 3338 1074 3402 fuisse
1101 3337 1222 3402 videan-

119 3433 187 3508 tur3
218 3433 306 3497 unde
335 3435 434 3497 etiam
464 3434 599 3498 Servius
628 3437 723 3503 adv.
745 3439 812 3503 426
834 3459 914 3503 suos
939 3457 1062 3503 novem
1087 3436 1222 3503 circulos

118 3527 256 3594 (linxisse
285 3533 425 3610 videtur,
452 3535 514 3597 etsi
543 3535 652 3600 alieno
682 3558 704 3602 a
732 3538 865 3620 Virgilii
895 3545 1004 3601 mente
1035 3540 1221 3601 commento.

120 3626 216 3690 Certe
236 3651 354 3696 norem
371 3634 490 3696 Dentis
513 3634 682 3700 anfractus
697 3638 740 3701 ad
756 3637 909 3702 Platonis
933 3638 1142 3722 virgiliique
1155 3638 1222 3701 doc·

120 3734 188 3789 tum
205 3729 347 3892 {urfftim
373 3734 558 3800 adumbrati
582 3743 669 3800 sunt.
711 3738 803 3802 Nam
829 3738 950 3803 Silium
974 3741 1020 3804 ab
1045 3758 1089 3804 eo
1114 3741 1221 3807 loetum

120 3845 194 3889 esse
233 3851 253 3892 u
278 3834 336 3897 ito.
1111 3844 1114 3849 ’

163 3928 232 3992 Via
262 3934 393 4015 quidem
417 3938 525 4019 prima
545 3959 606 4023 per
629 3940 835 4022 speluncam,
859 3963 941 4007 mox
967 3943 1152 4008 immensas
1178 3954 1221 4026 pel

121 4027 244 4107 sylvas,
256 4032 439 4114 caliginoso
453 4038 554 4116 coelo,
569 4039 712 4103 ducebat
726 4042 770 4105 ad
783 4043 926 4108 amnem.

165 4123 204 4188 In
219 4131 323 4209 primo
339 4131 416 4198 Orci
440 4134 529 4201 aditu
542 4138 724 4224 (προάστειον
748 4143 888 4223 dixeris,
909 4143 1025 4229 pootae
1050 4138 1220 4211 votilotrn
