2664 4686
471 132 521 179 su
548 128 745 179 ausonios.
1081 110 1167 179 w

51 298 81 365 q
153 360 156 365 .
231 281 463 367 -Euphorionis
477 282 640 364 opushoc
653 279 762 344 fuerit.
806 278 848 341 Iu
870 294 939 342 vss.
961 277 1016 341 his
1029 277 1078 343 69·
1088 297 1165 363 sqq.

56 382 134 449 Ecl-
192 396 195 403 '
215 382 350 460 Gallus,
366 381 541 451 Musarum
562 384 671 468 jussu,
686 401 709 445 a
723 381 808 446 Lino
821 380 976 445 traditam
989 380 1055 445 sihi
1075 383 1165 447 acol-

58 488 111 566 pit
132 484 279 549 Hesiodi
300 483 455 561 fistulam,
481 502 548 567 qua
575 481 699 569 Grynei
724 480 855 545 nemoris
879 479 1030 565 originem
1054 487 1165 550 emat.

58 586 113 650 De
148 586 287 651 oraculo
322 585 388 648 hoo
414 583 584 668 Apollinis
611 583 735 649 sabulos
764 589 898 666 potuere
925 601 999 646 esse
1030 584 1144 666 plures

56 688 150 752 fuere
173 706 309 770 quoque
329 688 366 750 in
387 688 429 752 iis
441 688 547 751 multa
561 687 604 750 do
619 685 744 769 Mopso
759 692 793 749 et
807 684 988 750 Calchante
1006 684 1067 769 (of.
1083 684 1165 751 Not.

56 789 103 852 ad
130 788 206 852 Ecl.
235 806 286 865 vr,
311 787 383 871 72),
410 790 519 872 potuit
543 807 601 852 ees
627 789 783 873 persequi
809 787 928 852 Gallus
952 789 1097 852 carmine
1122 788 1167 854 ad

59 889 284 975 Euphorionis
298 892 487 974 exemplum
502 891 706 975 composito:
720 891 838 973 potuit
856 908 988 974 quoque
1001 909 1078 955 esse
1099 890 1168 956 Eu·

59 992 231 1074 phoriouis
255 992 341 1057 liber
365 993 406 1057 de
430 995 487 1057 illo
511 993 599 1071 fauo,
627 993 725 1078 cujus
746 993 790 1057 sd
811 1012 874 1057 nos
895 993 1056 1057 memoria
1076 992 1168 1058 nulla

59 1093 219 1173 pervenit,
234 1113 334 1177 quem
348 1093 468 1159 Gallus
482 1095 594 1158 latinis
608 1097 757 1159 versibus
770 1093 935 1174 reddidit3
956 1093 1168 1159 verisimilius

59 1200 173 1258 tamen
187 1200 249 1272 cst,
269 1196 372 1260 fuisso
391 1194 582 1287 perticulam
600 1193 755 1260 chiliadis
775 1197 838 1278 sepi
856 1200 999 1283 χρησμῶν
1022 1214 1044 1259 a
1065 1194 1167 1260 Gallo

58 1294 164 1357 letina
187 1314 391 1360 conversam.
436 1296 527 1362 Inter
551 1298 617 1362 alia
639 1299 726 1363 enim
752 1299 888 1362 oracula
913 1297 1014 1361 etiam
1040 1295 1167 1380 Grynei

58 1394 176 1458 debuit
198 1398 393 1461 memoratio
412 1386 500 1462 lieri.
546 1398 719 1482 Suspicari
742 1417 874 1484 quoque
900 1397 1022 1479 aliquis
1046 1397 1167 1479 possit,

62 1494 183 1577 Mopsi
211 1514 328 1560 nomen
356 1496 456 1562 latere
481 1500 515 1562 in
541 1519 627 1564 voce
656 1504 812 1582 corrupta
837 1495 986 1573 Maioris,
1009 1503 1042 1560 et
1064 1491 1168 1561 iuisso

60 1595 166 1670 Μόψου
183 1594 244 1674 ier,
259 1605 317 1663 aut
332 1596 522 1675 Modoioeuav.
567 1600 657 1664 Inter
669 1599 743 1665 haec
757 1603 860 1663 restat
874 1583 1168 1679 difficultassquod

59 1717 126 1760 uon
148 1698 288 1779 intelligi
308 1706 431 1783 potest,
454 1700 610 1785 quidnam
631 1702 667 1765 iu
687 1700 787 1765 simili
809 1718 913 1784 opera
930 1697 1022 1762 Galli
1037 1698 1080 1762 ab
1096 1697 1168 1776 He

59 1798 159 1862 siodo
181 1804 363 1864 mutuatum
384 1818 460 1862 esse
485 1804 648 1884 potuerit:
677 1821 754 1865 nam
782 1798 939 1864 Hesiodea
957 1799 1072 1883 fistulo
1093 1800 1167 1867 haec

59 1920 179 1964 canere
190 1900 319 1966 dicitur.
350 1900 463 1965 Nimis
479 1907 612 1965 acutum
626 1905 715 1964 esset
727 1901 757 1964 si
772 1901 911 1986 diceres,
922 1903 1013 1966 aliud
1027 1903 1169 1968 Hesiodi

60 2021 152 2087 {lpus
177 2002 301 2086 respici
325 2022 392 2066 non
418 2000 491 2086 ἔργα
515 2002 565 2063 nei
589 1998 704 2086 ἡμέρας,
728 2000 813 2066 forte
835 2005 875 2064 rel
898 1999 946 2079 ire
972 2007 1114 2083 punina,
1135 2011 1170 2069 ei

64 2098 272 2187 Μελᾳμςοδίαν
285 2102 366 2166 olim
380 2103 411 2166 ei
425 2104 592 2179 tributam,
608 2121 711 2186 quam
735 2102 928 2185 Euphorion
952 2111 1010 2168 aut
1032 2109 1169 2171 secutus

62 2210 136 2267 crat
158 2209 215 2269 aut
235 2211 452 2289 expresserat.
507 2204 634 2268 Verum
655 2204 841 2287 simplicius
867 2223 920 2267 res
942 2205 989 2269 ita
1009 2208 1168 2275 coustitu-

63 2292 152 2388 itur:
182 2305 275 2393 ithai:
291 2305 484 2390 Euphorion
505 2313 539 2397 et
565 2303 697 2369 ‘uelato
725 2311 758 2369 et
784 2305 934 2390 Χρησμοὺς
963 2309 1166 2393 scripse1at;

63 2406 154 2491 prius
176 2406 258 2472 illud
279 2407 426 2495 habebat
438 2407 566 2493 aliquid
579 2410 884 2494 conjunctum-cum
905 2410 977 2475 vita
996 2415 1169 2495 pastorum

64 2514 95 2599 et
108 2509 278 2598 captibus..
318 2509 404 2575 Cum
418 2509 539 2575 Gallus
553 2517 736 2594 occupatus
751 2515 839 2575 esset
852 2512 887 2574 in
901 2513 1003 2576 altero
1025 2519 1168 2596 Χρησμῶν

64 2628 176 2694 opere,
201 2613 376 2677 memorari
403 2617 533 2697 poterat
557 2611 663 2674 Linus
692 2610 821 2675 tradere
846 2612 993 2676 calamos
1022 2613 1169 2679 Hesiodi

65 2713 176 2792 Gallo,
197 2716 319 2800 quibus
341 2720 482 2779 uteretur
503 2717 538 2779 in
560 2715 673 2778 altero
685 2733 785 2797 opere
807 2714 954 2797 ejusdem
976 2714 1087 2798 postas
1108 2736 1167 2781 ox·

66 2815 255 2904 uomodo,

108 2916 317 2991 Fouhminus
332 2919 357 2983 l.
380 2939 412 2981 o.
434 2919 517 2983 miro
540 2920 690 2983 acumine
717 2918 814 3000 plura
841 2916 931 2981 Galli
952 2921 1102 2984 carmina
1121 2941 1167 2986 ox

67 3020 217 3105 ςοῐεῦψε
231 3018 428 3105 Virgiliauis
444 3020 650 3103 exsculpsit:
674 3039 717 3082 ex
739 3038 773 3082 v.
797 3018 930 3101 quidem
950 3022 994 3085 70
1016 3022 1170 3105 colligere

68 3121 150 3198 vult,
160 3140 241 3187 eum
253 3122 390 3197 latinum
404 3122 524 3186 iecisse
540 3119 730 3185 Hesiodum
753 3118 985 3202 Euphorionis,
1005 3143 1050 3186 ex
1070 3145 1103 3188 v.
1124 3125 1172 3190 73

66 3243 142 3289 eum
155 3224 294 3309 uertisse
307 3224 408 3288 latine
424 3222 620 3300 Chiliadem,
636 3228 705 3286 turn
719 3243 763 3287 ex
782 3243 816 3285 v.
831 3224 876 3286 74
895 3224 1070 3305 scripsisse
1091 3245 1167 3292 cum

66 3325 213 3409 fabulam
240 3324 365 3408 Scylla}
392 3325 572 3406 utriusque,
602 3344 739 3406 quarum
767 3324 903 3388 alteram
931 3344 1105 3407 superesse
1133 3328 1169 3390 in

68 3426 137 3491 ciri
151 3425 297 3508 Virgilio
311 3426 409 3490 tribui
425 3427 524 3490 solita
537 3424 718 3502 contendit,
741 3431 774 3490 et
788 3424 829 3489 νζ
838 3427 880 3489 77
903 3426 1050 3515 sahulem
1070 3428 1168 3494 Terei

65 3536 97 3593 ct
119 3527 330 3593 Philomelae.
375 3526 464 3593 Haec
495 3534 605 3593 tamen
637 3527 681 3591 ad
711 3527 815 3592 Sileni
845 3547 974 3592 carmen
1004 3536 1169 3613 spectaro,

65 3630 199 3715 meliore
222 3630 488 3712 interpretatione
513 3628 610 3693 facile
632 3628 764 3693 edoceri
789 3633 917 3710 poterat
939 3631 990 3693 vir
1015 3630 1170 3695 doctissi-

65 3751 151 3794 mus.
198 3729 293 3793 Cirin
307 3728 408 3793 Gallo
431 3730 633 3794 uindicarant
646 3736 680 3793 et
696 3729 764 3805 olii,
787 3730 868 3793 iuter
892 3751 974 3813 quos
998 3730 1167 3807 Gifanius.

64 3830 145 3897 vid
157 3831 306 3915 Ρῐοῳωι
321 3832 364 3895 ad
379 3831 480 3907 Cirin.

72 4000 91 4020 -.
108 3930 264 4019 Ceterum
277 3934 511 4019 Euphorionis,
525 3939 561 3999 ut
574 3937 755 3997 ceterorum
770 3931 1070 3998 Alexandrinormn
1085 3929 1174 4015 poli,-

132 4052 220 4114 uezpi.
233 4056 257 4099 ct
273 4051 329 4100 var.
344 4052 407 4100 cras.
526 4029 533 4038 “
574 4052 643 4109 virg.
869 4026 872 4031 ’
1037 4052 1064 4096 ιι
1077 4047 1102 4096 Τ
