2664 4686
456 342 509 391 an
529 340 703 391 auersos
727 342 800 391 nra.
823 344 880 392 111.
1133 326 1220 399 4141

113 502 214 567 peum
229 485 276 549 ab
287 484 396 551 AEnea
408 485 498 570 apud
519 486 780 553 Samothraciam
793 489 828 552 in
842 488 965 574 templo
979 496 1218 572 consecratum,

114 584 205 669 quod
215 585 325 670 poiita
341 588 585 671 pertransitum
595 588 720 671 tetigit!
764 589 942 655 Dedurere
952 609 1028 654 eum
1041 591 1077 654 in
1088 591 1223 659 donarii¹

114 686 285 751 notionem
307 694 458 770 ea‚'quae
486 686 632 753 Dodone
646 690 909 755 monstrabantur
924 690 1218 776 'trojanorum-do}

114 786 219 863 naria,
232 785 276 851 de
291 790 410 871 quibus
423 791 537 855 statim
549 809 569 853 e
583 789 748 875 Dionysio
763 794 1038 858 commemorabo.
1196 842 1209 867 r

154 884 299 955 Scilicet
310 890 401 973 quod
415 893 564 977 sequitur
584 892 626 956 de
647 894 792 976 appulsu
812 894 855 957 od
876 891 1019 978 Epirum,
1033 894 1068 959 id
1082 915 1105 959 a
1117 895 1219 980 podia

115 986 251 1055 diverso
279 991 381 1074 plane
404 993 448 1056 ab
476 992 554 1057 aliis
579 993 680 1057 modo
702 1001 752 1057 est
789 1000 967 1060 tractatum
991 1002 1218 1083 ornatumque.
1301 1028 1309 1039 ·

116 1090 206 1157 Nam
220 1093 314 1177 apud
325 1094 467 1179 Dionys.
479 1095 595 1160 Helie.
613 1113 637 1171 ι,
652 1097 695 1160 51
711 1099 721 1129 ‘
736 1116 781 1161 ex
795 1095 977 1162 Ambracia
989 1118 1065 1163 cum
1076 1100 1218 1166 navibus

114 1192 255 1275 quidem
273 1193 439 1261 Anchises
463 1217 556 1262 oram
580 1197 717 1279 legendo
740 1199 937 1267 Buthrotum
962 1199 1057 1284 Epiri
1084 1206 1217 1283 portum

114 1293 217 1359 subit
259 1294 445 1363 AtAEmeas
467 1304 596 1363 etcum
620 1318 661 1363 eo
683 1300 856 1365 lectissimi
869 1302 992 1384 quique
1007 1303 1110 1366 totius
1123 1322 1218 1369 exer·

113 1395 212 1473 citus,
227 1395 368 1461 duorum
381 1398 508 1481 dierum
522 1401 637 1463 itinere
655 1419 715 1482 per
729 1403 849 1465 terram
864 1400 1025 1480 coniecto,
1043 1401 1217 1468 Dodonam
1250 1398 1255 1413 “

112 1499 324 1583 perveniunt,
347 1499 457 1566 Deum
472 1501 660 1566 consulturi.
704 1500 814 1585 Atque
831 1502 887 1568 hic
902 1504 938 1567 in
952 1503 1117 1587 'lhojanos
1139 1524 1217 1569 cum

112 1598 247 1667 noune
271 1601 433 1667 incidunt.
489 1600 641 1685 Accepto
663 1602 781 1666 deinde
805 1602 847 1666 de
871 1604 1003 1667 colonia
1023 1603 1217 1671 deducenda

111 1710 288 1787 rupomo,
310 1702 386 1768 Deo
405 1703 495 1768 dona
517 1703 664 1788 TroJ’ana
686 1701 849 1779 dicarunt,
864 1722 941 1767 cum
953 1704 1021 1769 alia
1034 1712 1105 1769 tum
1116 1707 1216 1773 etiam

111 1806 262 1869 uriom
286 1822 409 1881 aeueos,
431 1824 571 1887 quorrun
594 1805 743 1869 nonnulli
769 1803 876 1870 adhuc
901 1811 1080 1888 supersunt
1100 1807 1216 1873 litteris

110 1905 357 1989 antiquissimis
380 1905 546 1989 inscripti,
570 1924 647 1990 qum
668 1905 828 1969 donomm
855 1904 1041 1970 dicatorum
1064 1912 1216 1973 auctores

111 2010 297 2086 &stantun
318 2012 352 2071 et
366 2013 506 2089 quatuor
519 2005 619 2070 ienae
632 2006 760 2070 dierum
776 2007 891 2071 itinere
905 2006 1117 2099 confectoad
1129 2008 1216 2073 clas:-

111 2126 184 2173 sun
198 2106 296 2191 apud
306 2106 509 2173 ¹Buthrotum
523 2107 709 2173 rediemnt!
762 2108 869 2173 Vides
882 2109 950 2186 hic,
965 2126 1042 2193 qum
1056 2106 1160 2191 podia
1171 2128 1216 2175 ex

110 2210 260 2293 priorum
273 2214 445 2275 auomrum
458 2211 643 2274 narratione
667 2210 704 2272 in
730 2229 827 2273 suum
839 2228 939 2273 usum
952 2209 1158 2285 converterit,
1180 2215 1215 2274 et

110 2310 579 2394 quihusipseeavariaverit.
632 2309 752 2373 Heleni
772 2326 945 2373 occursum
970 2298 1111 2390 ejusque¹
1132 2308 1216 2373 vati-

111 2411 239 2475 cinium
251 2431 285 2476 v.
297 2412 364 2477 an
378 2430 454 2495 sqq.
476 2429 499 2473 a
524 2409 668 2473 Dodona
684 2408 880 2473 Buthrotum
894 2405 1054 2484 traduxit,
1070 2409 1216 2472 omnino·

110 2531 177 2595 que
200 2512 256 2577 hie
283 2513 517 2577 suavissimum
542 2510 728 2595 episodium
750 2508 792 2573 de
807 2498 1046 2573 Andromache'
1062 2508 1214 2573 intexuit

105 2612 266 2679 ,nomm
293 2612 409 2695 templi
434 2612 524 2701 dona
548 2611 785 2675 discedentium
820 2615 891 2674 tam
918 2615 1033 2673 ornate
1061 2608 1217 2692 exposita

111 2715 283 2797 peperisse
297 2713 448 2779 videntur
461 2732 494 2777 v.
507 2714 573 2777 464
587 2732 663 2795 sqq.
717 2709 902 2788 Quominus
914 2716 1023 2775 autem
1037 2709 1216 2775 Dodonoeo

110 2813 261 2892 omento,
282 2834 350 2897 quo
365 2815 440 2897 quis
464 2832 531 2877 non
553 2816 671 2894 partlm
694 2812 870 2877 suavitatis
892 2817 926 2876 et
947 2811 1127 2876 ornamenti
1142 2830 1215 2875 cer·

110 2914 365 2979 mmiacoedere
385 2916 534 2999 potuisse
554 2915 732 2990 existimet,
755 2920 911 2990 uteretur,
937 2912 1044 2977 simile
1058 2912 1100 2976 de
1117 2911 1216 2977 Delio

110 3015 250 3083 oncnlo
270 3016 343 3101 jam
364 3022 438 3080 ante
462 3020 615 3079 accurate
641 3019 817 3079 tractatum
837 3013 1025 3097 episodium
1038 3032 1215 3085 revocasse

110 3116 240 3181 videtur
252 3114 401 3200 poetam.
445 3121 455 3149 ‘
470 3114 637 3198 'l'rojanos
651 3112 832 3178 oraculum'
854 3110 904 3197 (et
918 3110 1050 3195 quidem
1065 3111 1112 3188 id,
1126 3112 1217 3194 quod

110 3218 156 3283 ab
169 3216 336 3303 Harpyiis
349 3217 404 3282 edi
417 3216 535 3280 maluit
549 3215 707 3297 Virgilius
721 3234 756 3279 v.
769 3215 835 3279 255
858 3213 917 3277 lib.
939 3229 982 3276 ιιι
1007 3211 1048 3275 de
1070 3212 1216 3277 ambesis

108 3319 246 3399 means)
267 3322 315 3384 ‘a
329 3318 505 3383 Dodonaeo
518 3316 607 3381 Jove
621 3317 713 3399 apud
729 3316 868 3400 Epirum
888 3311 1083 3397 accepisse:
1104 3311 1215 3377 Varro

109 3442 243 3507 quoque
264 3427 455 3486 manaverat
477 3419 563 3483 Rere
582 3418 733 3483 Divinas.
757 3434 785 3482 ιι
812 3436 868 3499 ap.
885 3415 978 3480 Serv.
989 3401 1045 3478 xad
1067 3430 1124 3492 ιιι,
1139 3415 1215 3481 256.

109 3520 350 3608 Adjungendus
371 3523 415 3585 iis
435 3521 522 3585 alius
543 3522 649 3598 locus,
676 3522 792 3604 quiex
810 3518 926 3583 oodem
948 3519 1033 3581 libro
1047 3534 1074 3580 ιι
1092 3517 1215 3600 petitus

111 3642 181 3689 eam
195 3624 306 3701 dehet,
322 3608 414 3707 apud
429 3621 524 3686 Serv.
538 3620 582 3685 ad
599 3637 656 3699 ιιι,
669 3621 757 3688 349ε
781 3626 790 3655 ‘
808 3620 906 3685 Multi
922 3617 1063 3702 putant,’
1078 3621 1125 3683 ait
1139 3619 1216 3683 Ser-

113 3726 196 3802 vius,
220 3725 391 3789 ‘AEneam
409 3721 447 3785 de
469 3744 505 3785 eu
529 3720 652 3786 venisse’
673 3721 726 3806 (f.¹
741 3740 807 3785 non
832 3717 1020 3803 devenisse)
1042 3719 1112 3782 ‘ad
1135 3718 1216 3801 Epi-

115 3845 193 3905 rum,
208 3827 304 3891 etibi
325 3826 400 3890 haec
423 3826 498 3889 loca
524 3845 583 3907 per
605 3824 774 3888 licentiam
794 3820 960 3905 politicam
974 3840 1047 3886 esse
1062 3820 1214 3885 conficta.

117 3924 224 3995 Varro·
231 3927 328 4012 Epiri
342 3948 380 3993 se
395 3927 500 3991 luisse
514 3926 604 4005 dicit,
619 3931 653 3991 et
667 3927 778 3990 omnia
793 3926 871 3990 loca
885 3924 1014 3989 hisdem
1028 3922 1096 3987 dici
1110 3921 1214 3985 nomi-

121 4028 222 4110 nihus,
248 4050 327 4112 qum
348 4028 450 4114 poiite
475 4032 723 4104 commemorat,
746 4046 784 4091 so
808 4026 943 4091 vidisse.
995 4023 1089 4087 ldom
1113 4020 1215 4085 etiam

125 4126 221 4197 Varro
247 4128 377 4217 Trpam
397 4128 494 4216 Epiri
518 4130 562 4195 ab
573 4130 693 4209 ΕΜ,
713 4128 791 4195 'sive
805 4126 1017 4195 acomitibus
1030 4123 1117 4207 ejus,
1135 4116 1222 4187 Bu:
