2664 4686
479 341 728 402 ARGUMENM.

56 496 267 562 Concurrunt
279 495 388 562 dictis.
434 495 557 561 AEuens
570 496 717 561 imminet
731 494 815 558 urbi.

57 598 238 682 Pugnatur.
280 598 427 664 Vincunt
440 597 557 681 Troiis.
602 596 702 662 cadit
715 596 783 660 icta
797 592 949 660 Camilla.

57 700 189 765 Deinde
203 700 305 765 duces
319 701 450 777 castris,
466 697 573 763 donec
588 696 729 775 cessere,
744 694 918 760 minantur.

496 880 725 960 nunnummJ

56 1046 188 1111 Turnus
198 1042 272 1129 jam
285 1043 399 1110 finctis
413 1043 555 1109 adverso
571 1043 681 1109 Marte
697 1042 826 1111 Latinis

57 1148 170 1215 Semet
182 1149 218 1214 in
233 1148 331 1213 arma'
340 1152 447 1231 parat,
462 1166 580 1230 pacem
595 1146 748 1230 cupiente
762 1146 894 1213 Latino.

58 1249 186 1315 Foedus
200 1251 380 1335 percutitur
394 1249 544 1333 passuris
559 1249 671 1314 omnia
684 1248 795 1314 victis.

58 1346 138 1417 Hoc
152 1351 254 1416 Turni
266 1346 289 1415 J
292 1357 409 1416 uturue
424 1370 518 1416 soror
531 1350 716 1416 confundit:
737 1357 771 1417 ct
783 1353 899 1417 ambos

55 1451 98 1517 ln
112 1473 257 1537 pugnem
271 1454 417 1539 populos
432 1453 511 1536 agit,
524 1453 678 1517 ementita
692 1449 888 1519 Camertem.

57 1554 186 1619 AEneas
199 1556 326 1620 volucri
341 1554 488 1620 tardatur
502 1555 649 1618 membra
660 1554 793 1636 sagitta.

55 1656 173 1723 Anxie
185 1674 248 1741 pro
261 1661 339 1721 nato
354 1657 498 1720 servavit
512 1675 592 1720 cura
605 1657 761 1739 parentis.

55 1754 148 1822 Urbs
161 1758 302 1841 capitur.
347 1755 462 1821 Vitam
476 1755 598 1839 laqueo
613 1755 677 1819 sibi
691 1755 762 1823 finit
774 1756 910 1823 Amata.

55 1853 182 1923 AEnens
195 1858 354 1936 Turnum,
370 1876 490 1942 campo
505 1876 713 1940 congressus,
728 1860 888 1943 utrimque

55 1956 265 2067 Circumfusa
280 1961 364 2037 acie,
379 1960 450 2024 vita
463 1957 619 2043 spoliavit
633 1966 666 2027 et
680 1960 802 2039 armis„

500 2175 550 2241 11.
572 2174 712 2261 (vm.)

122 2322 318 2409 Argumenta
335 2322 539 2389 Monostictir
554 2347 703 2411 expressa.
731 2322 768 2387 V.
793 2323 869 2392 idid.
886 2323 998 2412 Epigr.
1017 2328 1092 2394 191.

57 2456 185 2524 AEnens
201 2463 306 2542 primo
321 2461 457 2547 Libycis
474 2464 649 2547 appellitur
662 2462 740 2527 oris.

56 2559 191 2626 Funera
205 2561 387 2626 Dardaniae
403 2572 511 2628 narrat
522 2566 686 2649 fletusque
700 2563 858 2627 secundo.

55 2660 188 2725 Tertius
201 2682 327 2726 errores
342 2664 442 2740 canit,
459 2666 683 2748 amissumque
696 2670 876 2748 parentem.

56 2760 171 2827 Uritur
184 2765 217 2826 in
232 2771 348 2847 quarto
364 2765 468 2845 Dido,
482 2765 699 2851 flammasque
713 2766 842 2832 fatetur.

57 2860 203 2942 Quintus
216 2867 315 2931 habet
328 2867 437 2945 iudos,
452 2875 485 2931 ct
499 2869 640 2933 classem
653 2870 792 2953 corripit
804 2869 900 2951 ignis
1136 2870 1159 2934 ⁵

57 2964 257 3043 Quaeruutur
271 2974 367 3032 sexto
384 2968 505 3033 Manes
520 2975 553 3033 et
566 2969 707 3034 Tartara
721 2971 820 3034 Ditis

56 3067 227 3152 Septimus
241 3070 382 3133 AEneam
395 3068 502 3134 reddit
517 3070 672 3134 fatalibus
686 3072 786 3133 arvis.

56 3166 234 3253 Praeparat
248 3177 381 3248 octavo,
396 3171 517 3235 bellum
533 3189 618 3254 quos
632 3172 740 3234 mittat
753 3172 788 3233 in
802 3172 941 3236 hostem.

55 3268 92 3335 N
93 3289 177 3334 onus
191 3270 292 3334 hahet
306 3290 445 3354 pugnas,
459 3291 520 3335 nec
536 3270 630 3334 adest
643 3270 712 3336 dux
728 3272 800 3354 ipse
813 3272 985 3337 tumultus.

18 3442 22 3447 ,
56 3370 194 3437 Occidit
207 3374 324 3438 AEneae
340 3373 470 3437 decimo
484 3371 669 3436 Mezentius
684 3373 742 3434 ira.
1116 3375 1159 3439 10

56 3471 243 3539 Undecimo
257 3477 348 3539 victa
361 3481 492 3539 estnon
507 3493 608 3557 aequo
623 3473 734 3538 Marte
749 3472 902 3540 Camilla.

57 3573 268 3640 Duodecimn
283 3577 414 3641 Turnus
428 3575 552 3642 divinis
566 3576 689 3640 occidit
701 3578 811 3641 armis.
884 3605 886 3608 ·

556 3716 666 3807 NDTAE
685 3775 692 3790 ³

96 3883 158 3917 vrrr.
175 3869 289 3920 Praefixe
300 3871 379 3920 etiem
389 3871 495 3935 singuiis
513 3871 587 3921 libris
628 3871 787 3935 gerentibus,
798 3870 918 3935 positum.
936 3872 994 3923 Nisi
1005 3872 1091 3937 potins
1103 3879 1156 3924 est:

54 3945 82 3993 in
103 3944 170 3993 und.
190 3944 274 3994 Bmil.
287 3951 316 3995 et
331 3945 357 3994 iu
374 3945 440 3996 eod.
458 3945 532 3997 Rom.
544 3962 586 4010 ap.
628 3948 756 4011 Proepdrat
774 3946 891 4012 (dinem)
908 3955 988 3999 cetam
1005 3949 1089 3998 neum
1105 3947 1160 4012 (et)

55 4022 162 4072 Bottrr.
627 4023 920 4086 praenuntiantem.
955 4023 1160 4076 NumubErtn·

87 4100 104 4146 8
142 4096 235 4160 belim
264 4113 312 4162 pro
334 4099 432 4153 betium
456 4100 587 4166 utrimque
628 4100 674 4150 dre
685 4101 781 4152 auxilie
791 4101 907 4152 mceuit»

122 4178 393 4242 »optumam
575 4175 646 4244 reg.
1024 4156 1093 4234 uu
