2664 4686
393 336 444 383 an
466 333 638 385 maninus
664 335 737 384 mn.
762 338 843 385 vrri.
1087 325 1174 394 m

92 477 160 543 eur
173 483 282 541 tumen
298 479 341 543 ab
356 479 398 542 us
410 479 596 543 musanus
610 483 746 544 streete
758 479 848 543 cren
868 481 1018 563 potuisse
1038 483 1173 548 onies
1224 461 1230 474 ’

92 600 150 644 mr.
195 578 373 661 Virgilium
388 586 498 644 autem
513 584 653 663 apparet
665 580 770 645 multa
792 600 859 644 non
879 581 1074 661 credidisse,
1095 603 1175 669 qnae

92 681 154 746 lios
170 682 303 746 credere
319 683 442 746 voluit:
465 687 498 745 et
512 683 574 745 hoc
589 682 772 764 voluptatis
783 684 990 747 rimomnem
1000 687 1174 753 imminuit.
1214 683 1217 689 ’

92 782 208 847 ltinam
223 785 339 847 saltem
355 784 536 866 graviorem
559 789 593 848 et
612 784 869 867 probabiliorem
891 807 1013 849 causam
1034 790 1176 871 reperis-

92 890 126 960 τί,
151 905 211 951 cur
237 886 353 950 AEneoe
376 886 516 970 clypeus
542 886 654 950 divina
676 891 746 950 arte
760 887 870 951 tactus
885 887 1070 953 afferendus
1084 892 1178 956 erat!-

92 987 211 1051 cbillis
239 988 377 1070 clypeus
400 987 557 1053 Patroclo
580 988 724 1072 spoliato
746 989 780 1051 in
803 989 961 1054 Hectoris
976 996 1175 1072 potestatem

92 1093 218 1153 encrat:
242 1087 359 1151 eodem
382 1089 437 1152 ille
459 1109 539 1153 mox
557 1095 666 1153 tectus
680 1091 713 1153 in
728 1108 839 1172 pugna
852 1092 997 1154 muneris
1012 1085 1173 1173 praestan·
1230 1153 1233 1158 ,

92 1208 147 1254 am
163 1191 389 1254 commendat:
413 1190 513 1255 Iliad.
532 1199 563 1267 t’,
579 1191 645 1254 264
660 1210 710 1273 sq.
755 1190 797 1255 In
818 1191 936 1255 AEneae
958 1198 1087 1258 strenue
1103 1195 1173 1261 sac·

92 1309 106 1354 s
132 1291 242 1373 clypei
264 1292 456 1373 praecipuus
480 1311 561 1355 usus
585 1310 651 1354 non
672 1292 813 1356 oceurn't
833 1293 899 1355 nisi
915 1292 1046 1358 fortein
1059 1315 1171 1378 pugna

92 1410 144 1456 mn
164 1391 277 1455 Turno
291 1393 348 1455 lib.
369 1408 442 1469 xrr,
468 1395 544 1458 739.
590 1392 791 1457 Desiderato
805 1394 882 1457 licet
895 1395 969 1476 pari
984 1395 1084 1459 modo
1099 1417 1173 1478 gra·

92 1495 189 1557 iorem
203 1512 339 1557 causam
353 1495 463 1578 clypei
478 1496 521 1558 ab
538 1495 691 1559 Hesiodo
705 1500 773 1558 tam
787 1496 923 1577 copiose
937 1494 1105 1580 descripti.

108 1595 252 1660 Inferior
266 1596 416 1661 Homero
431 1598 464 1661 iu
478 1598 541 1660 hoc
558 1595 656 1660 Maro
671 1601 733 1672 est,
748 1596 850 1677 quod,
875 1603 911 1659 ut
927 1597 999 1680 Jam
1019 1617 1041 1659 a
1055 1598 1175 1663 Servio

92 1698 289 1775 bservatum,
316 1698 407 1762 ‘illic
430 1698 570 1781 singula,
594 1697 672 1761 dum
695 1695 785 1773 fiunt,
811 1704 1002 1762 narrantur:
1024 1699 1078 1763 bic
1094 1717 1175 1764 vero

92 1799 211 1864 erfecto
225 1819 324 1882 opere
337 1805 529 1863 noscuntur.
576 1794 666 1862 Nam
689 1802 724 1860 et
747 1796 801 1860 bic
820 1816 912 1862 arma
932 1800 1024 1881 prius
1043 1804 1174 1884 accepit
1280 1833 1283 1839 ·

92 1900 191 1964 &reos
203 1920 304 1982 quam
318 1906 505 1982 spectaret;
524 1900 585 1975 ibi,
608 1903 788 1980 postquam
809 1900 923 1964 omnia
943 1907 1073 1967 narrata
1086 1909 1171 1979 sunt,
1281 1922 1286 1935 ·

92 2020 114 2066 c
139 2021 160 2065 a
184 2002 323 2066 Thetide
349 2000 535 2065 deferuntur
553 1999 596 2064 ad
619 1997 805 2064 Achillem!
849 1999 936 2078 Quae
960 2002 1013 2066 his
1039 2005 1174 2088 subjicit

92 2104 134 2168 liu
145 2104 293 2180 Servius,
308 2121 376 2166 non
389 2102 564 2186 probanda
578 2121 717 2166 censeo:
740 2122 865 2178 verum,
881 2122 959 2166 cum
968 2106 1012 2167 ab
1025 2104 1173 2168 Homero

92 2204 200 2271 lteram
215 2205 375 2270 rationem
389 2209 590 2287 occupatam
600 2203 737 2281 rideret,
749 2203 829 2287 quid
839 2205 961 2268 taceret
977 2205 1085 2281 Maro,
1094 2205 1172 2281 nisi,

92 2310 112 2385 t,
127 2305 254 2388 siquid
268 2325 392 2369 novare
405 2307 551 2382 volebat,
572 2304 662 2389 quod
677 2307 790 2388 utique
804 2305 957 2382 debebat,
977 2305 1021 2368 ad
1035 2307 1172 2369 alteram

92 2406 119 2471 sl
142 2408 267 2471 invitus
288 2406 512 2483 descenderet,
535 2411 746 2488 narraretque
768 2405 852 2468 adeo
866 2424 906 2469 ac
920 2407 1033 2487 potius
1047 2405 1172 2470 descri-

92 2514 166 2585 sret3
193 2528 270 2592 qnae
288 2509 361 2592 jam
375 2509 463 2572 sacta
475 2513 576 2572 erant.
620 2506 689 2570 Sed
702 2507 776 2570 lraec
794 2506 865 2589 jam
880 2507 1047 2570 veteribus
1061 2508 1173 2570 obser·

92 2618 155 2688 ata,
179 2619 216 2675 ut
239 2613 273 2674 in
300 2612 417 2675 Servio
444 2610 599 2688 vidimus,
630 2609 729 2675 docte
757 2627 798 2673 ac
827 2608 989 2672 subtiliter
1018 2610 1173 2690 exposuit

92 2714 258 2794 essingius
273 2715 307 2776 in
324 2708 499 2775 Laocoonte
512 2733 547 2795 p.
563 2711 628 2776 184
642 2729 718 2795 sqq.
791 2707 794 2710 ’

105 2812 172 2879 Est
185 2822 296 2880 tamen
311 2815 399 2878 aliud
412 2832 478 2877 non
493 2833 590 2897 seque
604 2814 824 2890 observatum,
851 2810 942 2894 quod
957 2817 1068 2875 tamen
1081 2832 1171 2895 mag-

92 2934 142 2981 nm
164 2917 247 2981 inter
271 2916 455 2981 Homerum
479 2920 512 2977 et
535 2915 714 2994 Virgilium
736 2920 770 2976 et
792 2912 966 2994 utriusque
987 2913 1094 2994 clypei
1116 2913 1173 2976 de-

92 3017 280 3102 riptionem
302 3017 479 3081 discrimen
500 3015 681 3078 constituit.
727 3010 782 3074 Ab
807 3011 957 3075 Homero
981 3019 1173 3092 argumenta

92 3118 292 3201 {descripta
305 3122 392 3195 sunt,
419 3126 454 3179 ut
477 3113 632 3179 oculorum
655 3111 756 3175 sensui
780 3110 909 3196 objectu,
934 3120 965 3172 et
984 3120 1056 3171 urite
1071 3108 1171 3174 oculos

92 3218 164 3281 nito
179 3239 239 3281 esse
252 3217 435 3294 videoritur3
458 3224 493 3281 at
506 3215 669 3294 Virgilius
683 3215 784 3279 ubam
794 3215 882 3277 viam
897 3215 1062 3294 ingressus
1077 3211 1172 3275 monti

92 3302 221 3395 ’'ardmo,
236 3338 288 3395 ca,
304 3340 379 3402 quae
394 3336 555 3402 expressa
567 3318 601 3380 in
615 3315 734 3401 clypeo
748 3314 881 3391 fuerint,
907 3310 1086 3399 cogitando,
1111 3332 1173 3397 non

92 3415 208 3495 deindo,
233 3420 400 3503 proponit.
456 3418 548 3482 Nem
571 3435 711 3481 exorsus
736 3421 827 3481 erat:
861 3415 959 3480 ‘Illic
986 3434 1038 3479 res
1067 3414 1172 3479 Italas

92 3518 197 3585 cerat’
220 3539 253 3583 v.
276 3519 341 3583 626
364 3539 426 3583 nec
452 3539 529 3583 vero
544 3537 601 3582 eas
616 3517 773 3601 deinceps
790 3523 930 3595 enarrat,
956 3515 1014 3580 sed
1040 3517 1172 3599 potiora

92 3626 191 3686 arbim
204 3622 362 3686 nonnulla
375 3641 421 3684 ex
431 3621 474 3686 iis
484 3621 624 3701 attingit,
638 3621 704 3683 alia
714 3618 866 3682 disertius
879 3617 1015 3702 quidem
1023 3619 1170 3700 exponit,

92 3727 246 3799 stamen,
271 3724 362 3786 utin
388 3728 531 3787 mentem
556 3721 667 3805 potius
690 3726 835 3796 revocet,
859 3724 903 3796 et,
929 3718 1095 3802 quomodo
1112 3737 1171 3782 ex·

92 3842 181 3888 ressa
206 3825 273 3888 sint
298 3830 356 3889 aut
377 3843 452 3888 esse
473 3824 646 3907 potuerint,
665 3820 849 3905 judicanda
867 3821 982 3895 lectori
996 3821 1169 3900 relinquat.

92 3922 141 3989 ¹'cc
153 3925 221 3991 nisi
235 3927 269 3990 in
282 3928 381 3991 rebus
396 3926 540 4008 Augusti
555 3924 599 3990 ad
613 3923 723 4007 clypei
737 3925 848 4007 ipsam
863 3923 1010 4007 speciem
1024 3919 1170 3982 animum

92 4032 211 4091 suum
237 4034 376 4093 revocat
402 4034 437 4091 et
465 4026 681 4112 anaglyphum
715 4044 801 4109 opus
832 4022 967 4108 aliquod
994 4019 1169 4085 describit:

92 4126 129 4191 71
143 4130 154 4161 ‘
166 4127 256 4195 Haec
270 4129 354 4192 inter
367 4128 484 4193 tumidi
496 4129 561 4194 late
574 4128 677 4194 maris
690 4126 764 4192 ibat
776 4124 896 4209 imago’
909 4143 984 4209 sqq.
