2692 4974
77 336 92 347 ἱ

158 575 249 647 tolo
592 589 848 642 nasorum.

640 753 791 802 ocravl.

162 838 212 905 Ut
223 838 303 903 belli
317 837 446 920 signnm
455 836 598 919 dumus,
611 835 846 922 Merentiaqne
858 855 981 916 arma,

163 938 398 1022 Conscivitque
413 938 515 1003 duces
526 960 535 1018 3
556 944 626 1003 tum
640 939 767 1005 moenia
777 936 971 1004 Pallanum

161 1041 287 1106 AEneas
300 1041 383 1118 adit,
398 1039 545 1104 Evandri
558 1043 653 1107 socia
663 1042 792 1125 agnrina
807 1059 987 1126 quaerens.
1261 1094 1264 1099 .

160 1141 397 1209 ArmaVenus
408 1124 849 1228 portatproprioVulcania
861 1146 963 1207 nato.
1244 1141 1281 1205 td

664 1291 769 1340 nour.

162 1374 276 1460 Atque
290 1397 332 1441 ea
346 1377 476 1442 diversa
488 1377 567 1442 dum
579 1382 694 1461 purte3
715 1377 770 1442 hic
784 1377 879 1442 Diva
894 1374 1048 1460 Cybebo

162 1465 304 1562 Puppe·
317 1497 392 1541 esse
407 1497 485 1542 suas
500 1478 732 1563 Nympharum
744 1479 880 1543 numina
891 1477 1005 1561 jussit
1021 1499 1034 1543 ι

163 1577 299 1663 Fnryali
313 1587 346 1645 et
360 1579 438 1647 Nisi
452 1581 561 1648 caedes
575 1586 608 1646 et
618 1580 689 1646 sata
702 1586 875 1645 canuntur.

164 1678 297 1744 Feccrit
309 1680 455 1744 inclusus
468 1681 588 1744 castris
603 1700 679 1765 quoe
693 1680 808 1746 funera
820 1681 969 1747 Turnus.

584 1896 589 1901 Ι
640 1834 787 1882 nncrur.

164 1934 325 2001 Panditur
338 1936 462 2000 interea
476 1935 599 2000 ooelum
613 1941 788 2020 ooetusqne
799 1936 964 2002 Deonnn.
1236 1934 1274 2001 45

162 2034 242 2102 Jam
255 2037 341 2101 rodit
354 2022 490 2115 AEneas,
505 2042 540 2100 et
555 2036 668 2100 Pallas
683 2037 820 2100 caeditur
834 2057 925 2103 acer.

163 2135 295 2220 Eripuit
307 2137 330 2200 J
332 2157 397 2200 uno
411 2137 568 2212 Turnum,
583 2137 754 2220 Lausique
767 2142 937 2220 parentem

163 2235 300 2324 Adjecit
314 2239 468 2304 comitem
481 2237 596 2303 mortis
611 2235 787 2320 Cydrereia
800 2236 922 2322 proies.

614 2388 816 2437 Unnncriu.

165 2489 301 2556 Oceano
312 2491 435 2554 interca
448 2509 585 2571 surgens
599 2485 731 2554 Aurora
744 2489 879 2554 ridebat

165 2591 312 2657 Mezenti
326 2591 420 2656 ducis
434 2592 573 2655 exuvias
589 2611 764 2674 caesosque
779 2592 923 2671 sodales,

165 2693 210 2758 Et
223 2692 355 2757 Latium
369 2711 522 2775 proceres
536 2692 714 2759 Diomedis
728 2692 818 2758 dicta
828 2693 959 2772 referre,

163 2794 252 2859 Tum
267 2794 374 2878 qualis
388 2813 513 2877 pugnae
527 2795 687 2858 succedat
699 2793 841 2860 Etrusca
855 2793 1010 2861 Camilla.

605 2947 829 2996 nuonsscrnss.

164 3046 295 3112 Turnus
309 3053 346 3110 ut
359 3045 516 3109 infractos
530 3046 668 3112 vidisset
681 3046 744 3133 (et)
757 3048 902 3132 undique
917 3068 1041 3131 caesos,

166 3146 262 3213 Ultro
277 3146 504 3211 Anchisiaden
517 3148 606 3214 bello
620 3168 680 3232 per
692 3149 821 3215 foedera
834 3151 944 3233 poscit
955 3172 964 3231 3

165 3247 253 3328 Quae
268 3249 411 3314 Juturna
424 3255 522 3333 parat
535 3252 740 3332 convellere3
763 3252 824 3317 scd
837 3258 946 3317 tamen
961 3252 1065 3317 annis
1233 3256 1275 3321 55

167 3348 315 3430 Occidit,
331 3358 364 3415 et
378 3356 513 3436 pactum
527 3351 624 3435 liquit
638 3371 716 3418 cum
730 3353 871 3438 conjuge
885 3373 1032 3437 regnum.

595 3541 681 3608 VII.
722 3543 830 3609 XIII.

170 3661 285 3728 lacerti
302 3662 420 3742 Po'e'tae,
437 3660 527 3748 apud
550 3543 726 3727 nonnullois
748 3541 875 3739 Ovidii,
901 3657 1096 3726 Tetrasticha
1118 3661 1152 3727 ia
1175 3659 1274 3727 Geor·

532 3761 617 3849 gira.
643 3759 727 3827 Ibid.
743 3760 806 3848 Ep.
819 3763 895 3828 189.

620 3915 826 3966 pransuro.

170 4016 290 4095 Qualis
303 4016 486 4094 Bucolicis,
501 4022 643 4100 quantus
657 4017 770 4082 tellure
785 4014 962 4095 domanda,
1080 4041 1082 4044 ⁴

166 4116 316 4198 vitibus,
332 4119 583 4202 arboribusque,
599 4119 731 4204 apibus,
745 4118 935 4204 pecorique,
951 4118 1107 4203 satisque

668 4281 773 4333 NOTAE

200 4389 232 4432 ⁸⁸
248 4385 268 4434 s.
286 4387 445 4451 Constatque.
769 4391 801 4437 5³
818 4387 891 4436 Bene
912 4385 1079 4438 Burmannus
1106 4393 1135 4437 ut
1161 4386 1278 4448 infractor

198 4464 229 4509 47
248 4459 400 4529 tinuoque
408 4469 530 4528 parentem
541 4464 574 4516 Δ.
737 4463 796 4514 cidit
808 4462 903 4512 casim
914 4460 1025 4512 minos.
