2664 4686
111 314 200 386 m
536 330 784 390 >nminem

112 479 206 546 nnc
220 425 597 562 generandarum
611 479 769 545 asanez
791 477 899 546 mar
911 480 1032 565 mem,

113 580 162 648 Ut
174 580 316 647 resemnt
329 581 398 658 alii,
412 581 500 645 tenui
520 580 671 646 mercede
684 581 829 646 locatus.

98 667 183 761 ‘Sed
194 684 309 768 plures
323 681 478 766 figulum
501 684 577 767 quis
590 702 656 748 nen
671 682 833 749 miracula
844 703 953 750 rernm

112 785 204 853 Haec
219 786 375 870 stupeatl
398 784 494 852 dives
507 790 623 871 partus
638 784 681 850 de
694 792 842 870 paupere
856 804 944 852 vena

113 887 260 954 Enitait:
282 886 376 969 figuli
391 887 526 952 soboles
540 904 630 954 nova
644 887 790 953 carmina
803 887 913 955 finxit.
961 904 966 911 ·

115 989 225 1055 Mater
239 989 339 1054 Polla
357 989 431 1068 fuit,
455 986 566 1072 Magii
579 1009 648 1054 nen
662 988 778 1054 infima
790 990 912 1074 proles,

115 1088 226 1173 Quem
240 1110 393 1157 socerum
406 1092 556 1177 probitas
571 1092 649 1157 fecit
663 1093 736 1178 jam
751 1092 843 1156 clara
856 1088 1006 1158 Maroni.

115 1194 206 1261 Haeo
221 1214 297 1259 cum
307 1199 436 1259 maturo
449 1201 650 1279 premeretur
663 1194 811 1280 pondere
824 1193 964 1274 ventris,
1028 1268 1032 1275 ,

116 1296 165 1363 Ut
179 1297 263 1362 solet
276 1297 312 1360 in
335 1295 459 1359 somnis
473 1297 617 1375 animus,
630 1303 769 1362 ventura
782 1295 956 1380 refingens,

116 1397 251 1464 Anxius
264 1404 309 1478 et,
322 1397 415 1480 vigili
427 1418 628 1484 praesumere
644 1398 768 1482 gaudia
782 1418 877 1477 cura,

117 1498 262 1566 Phoebei
277 1502 419 1566 nemoris
432 1520 561 1566 mmum
574 1501 702 1568 fudisse
716 1503 862 1586 putavit.
984 1526 990 1543 ··

117 1599 266 1688 Osopor
279 1603 439 1668 indicium
454 1604 542 1669 verit
564 1604 612 1668 nil
634 1603 758 1670 certius
770 1620 922 1686 unquam

117 1691 250 1772 Cornea
263 1712 363 1792 porta
377 1707 462 1772 tulit.
507 1705 691 1785 Faeta‘est,
703 1706 878 1789 interprete
897 1704 1010 1787 lauro,

117 1805 219 1873 Certa
232 1827 362 1892 parens,
379 1808 553 1894 onerisque
566 1810 618 1874 sui
638 1812 842 1892 cognoverat
852 1811 968 1875 artem

161 1908 306 1976 Consule
324 1910 489 1994 Pompeio
503 1910 664 1975 vitalibus
677 1909 787 1976 editus
800 1910 901 1987 ands,

118 2010 163 2077 Et
178 2011 312 2093 Crasso,
324 2012 430 2098 tetigit
439 2016 578 2094 terram3
599 2030 667 2097 qne
680 2018 826 2099 tempere
840 2011 964 2079 Chelas

118 2114 142 2180 J
144 2135 198 2180 am
211 2115 301 2182 mitis
322 2112 474 2181 Phaeton
488 2121 566 2199 post
580 2113 731 2198 Virginis
742 2111 801 2181 ora
814 2119 980 2201 receptus.

119 2215 283 2283 infantem
297 2219 429 2302 vagisse
447 2222 577 2300 negant.
622 2214 714 2282 Nam
727 2216 834 2283 nona
844 2234 961 2283 sesana

119 2316 308 2404 Conspexit
322 2320 490 2398 mnndum,
505 2321 562 2384 cui
574 2319 752 2385 commoda
763 2323 857 2386 muta
870 2318 1011 2387 ferebat.
1130 2336 1133 2343 '

119 2418 201 2504 Ipse
214 2422 396 2508 puerperiis
408 2423 516 2488 arrisit
528 2424 636 2490 laetior
650 2424 761 2488 orbis:

117 2519 223 2586 Terra
236 2524 433 2589 ministravit
450 2524 568 2607 flores;
589 2529 622 2590 et
633 2544 768 2589 munere
780 2543 883 2590 verno

118 2623 273 2689 Herbida
286 2627 464 2711 supposuit
481 2646 585 2711 puero
598 2625 758 2691 salmonte
771 2626 953 2691 virescens.

118 2723 299 2803 Praeterea,
315 2728 346 2791 si
360 2746 441 2791 vera
453 2727 547 2805 fides‚'
557 2727 617 2792 sed
630 2747 710 2793 vera
728 2727 899 2812 probatur,

118 2825 206 2893 Lata
219 2830 338 2893 cohors
352 2829 468 2914 apium
482 2830 595 2894 subito
610 2850 670 2915 per
680 2849 759 2896 rura
775 2829 937 2914 jacentis·

118 2926 232 2996 Labra
244 2929 333 2997 lavis
347 2933 432 2997 texit
451 2932 567 2999 dulces
580 2931 697 2998 lusura
709 2932 875 3016 loquelas.

120 3029 201 3098 Hoc
215 3032 382 3117 quondam
393 3035 429 3098 in
443 3052 538 3098 seem
553 3038 680 3098 tantum
698 3035 819 3100 mirata
833 3022 980 3100 Platone

120 3132 287 3199 Indicium
300 3135 421 3219 linguae
433 3141 594 3201 memoret
605 3136 735 3202 famosa
747 3142 910 3204 vetustas.
953 3216 957 3223 ‚

119 3236 188 3301 Sed
204 3235 336 3303 Natura
349 3256 480 3322 parens,
494 3257 678 3324 properans
696 3238 856 3305 extollere
875 3238 1034 3318 Roman,

120 3337 165 3402 Et
178 3338 275 3403 Latio
291 3338 383 3404 dedit
395 3339 472 3417 hoc,
497 3336 538 3404 ne
553 3339 634 3423 quid
649 3340 847 3407 concederet
863 3342 932 3406 nni.

118 3436 260 3524 Insuper
273 3437 338 3517 his,
353 3441 489 3527 genitor,
505 3441 573 3504 nati
588 3440 664 3506 dnm
679 3440 749 3506 sata
762 3443 909 3525 requirit,

119 3540 304 3628 Populeam
317 3541 421 3608 sterili
435 3541 562 3626 virgam
576 3541 748 3609 mandavit
770 3562 901 3610 arenae:

117 3641 282 3728 Tempore
295 3662 373 3729 quaa
393 3644 518 3710 nutrita
537 3643 645 3724 brevi,
669 3643 750 3710 dum
769 3640 898 3725 crescit,
910 3645 944 3711 in
957 3666 1057 3713 omne

118 3741 230 3810 Altior
242 3746 380 3811 emicuit
393 3744 524 3812 cunctis
545 3764 631 3831 quas
645 3748 786 3813 auxerat
801 3748 895 3814 aetas.

119 3843 209 3913 Haec
221 3851 357 3933 pmpter
375 3849 505 3934 placuit
517 3868 657 3936 puerum
669 3845 873 3915 committere
888 3844 1014 3931 Musis,

117 3942 814 4027 Etmonstrareviamveuluraeiueaeenla
825 3953 939 4022 samm
1178 3950 1226 4020 le

164 4211 306 4265 arama
436 4119 748 4281 arsetam.
867 4212 1185 4278 stammam}
