2664 4686
423 346 474 396 an
497 346 669 397 caninos
693 348 766 399 mr.
791 351 815 398 r.
1090 336 1182 401 tols

68 493 217 558 faciebat
231 491 331 556 Deai
366 497 423 556 aut
448 492 615 576 quomodo
640 494 746 559 sacris
764 510 825 559 seu
836 493 908 558 suis
922 513 981 559 seu
995 494 1112 561 alienis
1126 499 1175 560 in·

69 606 194 660 teresse
208 595 268 660 illa
280 597 429 677 poteratl
459 595 551 660 Tum
575 597 742 678 quomodo
767 596 887 661 artifex
908 596 1048 661 Homeri
1061 617 1193 668 versus,

69 698 202 761 vincere
216 696 284 761 dici
297 698 407 780 potuit
427 696 488 760 ‘id
510 698 620 780 ipsum
642 696 884 761 describentisl’
914 717 990 760 cum
1007 697 1175 766 Homerus

69 795 164 881 longe
179 798 282 861 aliam
298 796 419 862 Dianae
439 817 515 862 cum
539 795 706 881 Nymphis
719 797 859 862 ludentis
872 801 1020 881 speciem
1038 819 1191 883 expres-2

70 892 160 963 serit.
207 898 432 981 corruptelam
444 900 480 963 in
493 916 578 962 voce
592 896 834 982 cocn'flcontinm
851 918 1080 982 quoererecum
1095 900 1177 966 Ies-

70 1003 177 1085 singio
193 1003 242 1080 (in
256 1001 446 1065 Laocoonte
461 1020 496 1084 p.
516 1000 595 1078 224)
607 1001 666 1065 vix
681 1001 802 1077 ausim,
824 1019 899 1064 cum
914 1000 1006 1064 nulla
1018 1001 1109 1066 adsit
1120 1023 1193 1077 ra·;
1312 1084 1316 1095 .

69 1103 246 1169 tiocritica
260 1103 458 1186 probabilis.
503 1101 666 1166 Dubitare
679 1103 767 1180 licet,
783 1104 866 1166 sitne
892 1105 901 1134 ‘
917 1101 1174 1176 sacrificantium
1188 1154 1193 1171 ,

69 1205 235 1287 virginum
261 1204 389 1269 chorus’
417 1204 459 1269 dc
477 1203 577 1268 choro
600 1204 734 1288 proprie
753 1203 843 1268 dicto
866 1205 1102 1288 accipiendus3
1122 1226 1193 1277 an.

70 1305 178 1369 chorus
191 1307 302 1371 dichrs
325 1306 369 1370 sit
391 1326 452 1390 pro
474 1307 570 1371 huba
591 1325 632 1370 ac
647 1305 868 1371 mrdtitudine:
901 1306 1192 1391 utap.0vid.1r·

70 1407 154 1472 hiet
168 1409 235 1472 441
248 1428 324 1491 sqq.
369 1407 485 1474 ‘Ecce
499 1428 559 1472 suc
586 1409 742 1473 comitata
755 1408 854 1471 choro
869 1408 1036 1492 Dictynna
1049 1429 1109 1494 per
1127 1411 1175 1475 al'·

69 1509 614 1592 tumltlaenaloningrediens,’&c.
639 1509 1176 1594 Pinxeratsortehpellessacrum

70 1613 207 1692 Diuum,
218 1615 274 1679 cui
288 1616 365 1699 ipsa
384 1614 460 1679 Dea
472 1615 628 1680 interesse
643 1614 776 1696 dignata
788 1620 876 1692 erat3
899 1619 936 1677 nt
949 1633 1005 1696 ap.
1017 1614 1193 1696 Apollon..

69 1732 126 1795 ur,
141 1715 210 1782 875
226 1737 279 1801 sq.
293 1717 352 1781 ubi
366 1716 489 1781 Medea
503 1722 714 1799 eomparatur
727 1736 802 1780 cum
825 1720 835 1749 ‘
847 1716 960 1780 Diana
974 1714 1018 1780 ad
1042 1733 1176 1781 sacrum
1190 1756 1194 1767 ·

67 1822 261 1902 properante
271 1816 290 1882 :'
312 1817 437 1881 incedit
450 1817 508 1881 illa
520 1815 632 1893 τηλόθεν
645 1815 784 1880 ἀντιόωσα
798 1815 986 1881 coloniaco
1000 1818 1173 1901 ὃκατόμθης.

109 1914 270 1981 Eurotam
292 1918 548 1985 trihuit·Dianre
568 1919 742 2002 Virgilius,
759 1921 937 1986 Laconicae
951 1921 1101 1999 fluvium,
1114 1921 1193 2004 qui.

71 2016 246 2106 Taygetum
257 2028 388 2083 montem
402 2021 505 2099 alluit,
520 2040 619 2103 quem
636 2015 803 2086 Homerus
817 2026 1065 2086 memoraverat.
1097 2019 1191 2085 Nec.

71 2120 214 2208 Cynthus
227 2124 336 2205 inepte
347 2122 544 2200 noninahrr,
564 2127 678 2206 utpote
703 2121 777 2185 Deli
791 2123 911 2186 insulae
926 2141 1032 2185 mona.
1077 2119 1176 2202 Mag-

67 2245 128 2290 nus
142 2243 299 2299 nummus
314 2222 543 2308 Nympharum
556 2225 638 2288 hene
653 2223 855 2288 declaratur:
879 2228 889 2254 ‘
904 2240 1005 2302 quam
1018 2220 1109 2285 mille
1122 2240 1175 2286 se-

68 2333 155 2392 cutae
179 2325 273 2389 Hinc
286 2332 384 2406 atque
406 2324 483 2386 hinc
498 2325 719 2402 glomerantur
732 2319 901 2384 0reades.'
945 2318 1194 2404 Nympharum.

67 2427 263 2517 comitatum
284 2423 445 2490 latonam
467 2423 734 2492 circumstantem
749 2420 885 2505 pulchre
895 2424 1001 2488 etiam
1015 2421 1171 2506 Apollon.
1186 2453 1194 2471 ι
1223 2460 1242 2469 -·

67 2508 235 2613 cupressit
263 2528 297 2590 in
320 2527 396 2590 loco
420 2524 541 2606 insigni
565 2523 666 2605 paulo
691 2528 766 2586 ante
788 2523 933 2601 laudato,
957 2530 1087 2589 etcum
1110 2526 1173 2590 hoc

67 2628 295 2713 comparando
312 2643 369 2704 ιιι,
384 2625 576 2692 ers-884:
611 2624 735 2698 incedit
758 2625 805 2687 ihi
829 2624 941 2689 Diana
963 2645 1061 2690 curru
1074 2634 1174 2692 vecta

68 2730 300 2816 Nympharum
323 2731 482 2809 comitatu
501 2725 636 2810 stipata,
660 2747 754 2791 sacro
778 2726 978 2792 interfutura.
1022 2727 1102 2793 Alio
1126 2734 1194 2792 in·-

67 2839 166 2898 vmtn
182 2831 395 2896 Penthesilea
415 2832 497 2894 inter
520 2829 707 2893 Amazones
725 2831 870 2893 eminens
885 2851 961 2900 cum
983 2830 1079 2895 Luna
1092 2832 1174 2898 inter

66 2935 176 3000 sidera
188 2939 222 2997 et
236 2952 313 2997 cum
327 2930 460 2996 Aurora
481 2943 691 3014 comparatur
706 2951 728 2994 a
747 2929 876 3007 Quinto
895 2931 1067 3015 Smyrnaeo
1084 2949 1109 3008 r,
1129 2934 1174 2997 36

65 3057 155 3120 sqq„
171 3033 263 3118 quod
275 3035 426 3118 proxime
439 3033 568 3097 accedit
580 3033 623 3095 ad
637 3031 717 3095 illud
733 3032 971 3096 Horatianum:
996 3037 1005 3065 ‘
1019 3034 1111 3097 velut
1124 3035 1174 3097 in·

65 3146 114 3202 ter
138 3139 234 3219 ignes
253 3135 349 3199 Luna
371 3134 535 3200 minores!
580 3134 680 3212 Quod
696 3135 901 3218 ‘pharetram
928 3135 1004 3199 Fert
1026 3135 1173 3201 humero'

66 3239 189 3316 Diana,
205 3238 351 3303 otiosum
364 3236 569 3322 (quanquam
582 3237 635 3300 vel
650 3237 700 3300 sic
715 3237 870 3319 positum,
898 3242 1026 3300 ornaret
1045 3243 1175 3320 tamen3

63 3359 140 3405 cum
151 3339 228 3403 Dea
243 3340 288 3402 sit
304 3339 447 3424 ἰοχέαιρα)
455 3339 573 3402 haberi
587 3338 709 3420 nequit,
726 3335 887 3421 siquidem
902 3335 1076 3420 Nymphas
1093 3343 1103 3372 ‘
1119 3361 1173 3406 su·

64 3442 248 3527 pereminet
271 3441 413 3505 omues?
452 3441 693 3525 conspicuique
717 3441 801 3505 adeo
826 3445 902 3504 sunt
923 3440 1050 3504 humeri
1077 3442 1173 3510 Dece.

63 3544 143 3609 Jam
166 3544 233 3607 hoc
260 3542 394 3624 quidem
417 3545 565 3607 omatius
588 3543 747 3606 extulisse
774 3543 968 3619 Homerum,
992 3545 1103 3625 negari
1117 3565 1174 3609 ne-

65 3647 156 3728 quii:
182 3643 311 3706 Πασᾶων
325 3643 346 3703 δ’
362 3638 428 3725 ὅπερ
447 3645 499 3728 ἥγε
520 3643 589 3726 κάρη
608 3641 667 3728 ἔχει
682 3643 726 3720 ἠδὲ
749 3639 878 3724 pirena,
901 3643 979 3706 Ῥεῖά
993 3647 1018 3707 τ’
1031 3644 1170 3733 ἀριγνώτη

65 3747 195 3824 πέλεται,
211 3744 301 3806 καλαὶ
317 3742 506 3807 divaricas·
533 3747 697 3829 inquibus
712 3746 861 3828 inprimis
875 3747 1059 3810 novissima
1073 3749 1175 3811 verba

68 3846 225 3927 praeclare
249 3845 447 3909 dictasunt.
493 3845 598 3910 Recte
619 3848 731 3928 itaque
752 3847 795 3908 ah
818 3846 870 3908 his
896 3847 1055 3912 abstinuit
1074 3847 1176 3931 po'ota

70 3945 253 4011 Romanus.
298 3947 340 4011 Iu
365 3966 464 4011 versu
487 3952 596 4011 autem
619 3947 685 4010 502
709 3965 784 4010 cum
803 3947 952 4011 Homero
967 3954 1111 4011 certasse
1126 3945 1175 4008 vi-

10 4132 12 4141 .
75 4045 139 4110 deri
151 4055 279 4132 potest:
302 4048 400 4131 cujus
413 4045 516 4132 γέγηθε
531 4045 600 4109 δέτι
612 4047 701 4136 φρένα
719 4044 803 4123 Λητώ
816 4037 975 4112 reddidit:
1009 4047 1173 4110 ‘Latonae
1247 4072 1250 4077 ·

10 4148 20 4271 q
78 4149 202 4213 taciturn
216 4153 404 4233 pertentant
417 4149 541 4232 gaudia
565 4157 683 4233 pectus
693 4148 712 4232 3'
743 4149 834 4234 quod
850 4150 940 4213 enim
957 4147 1125 4211 Homerus
1139 4146 1174 4211 in
