2664 4686
412 340 464 389 en
487 338 657 389 nusrnos
674 328 775 393 ‘''nri.
800 342 824 391 r.
1081 326 1169 391 401⁵

63 488 199 569 pestate
219 472 331 571 plures
343 488 569 570 paucioresve·
583 493 670 565 sunt,
693 489 742 552 ite
764 485 911 553 ut'medo
926 493 1055 571 septem
1068 488 1169 554 modo

61 604 187 651 novem
207 586 315 651 fontes
336 592 567 654 numerentnrz-
579 587 680 672 (teste
703 588 858 654 Linhnrto
871 588 1010 653 historie
1023 588 1169 659 Greiniae

62 708 100 773 p.
114 685 205 772 W)
241 687 293 753 Hi
315 687 422 753 fontes
446 690 551 754 tribus
573 690 678 754 alveis
699 690 871 775 paululum
893 690 1006 767 deleti,
1034 710 1115 756 mox
1132 692 1170 757 in

64 806 169 853 unum
182 788 303 854 flumen
316 788 493 867 confluunt,
509 791 599 876 quod
609 791 671 854 vix
684 779 774 856 mille
786 810 945 875 passuum
957 793 1047 856 vium
1060 810 1169 857 emen·-

66 906 142 953 snm
165 908 235 955 uno
267 892 354 955 ostio
377 891 412 954 iu
431 910 523 955 mare
546 893 627 957 exit.
678 892 776 957 Itnlis
799 895 900 957 etiam
921 911 1008 957 nune
1043 896 1170 959 ‘meris

63 989 250 1073 pumtem’
276 990 306 1076 (‘
320 992 356 1057 ln
374 992 487 1057 madre
502 993 556 1058 del
580 991 703 1076 mare’)
730 995 891 1078 appellari
916 994 1170 1062 Holdswurthus

63 1088 185 1173 tredit3
206 1092 297 1176 quud
311 1112 430 1158 nomen
444 1094 516 1177 jem
531 1094 666 1180 Polybii
681 1101 781 1161 tetete
798 1095 1073 1179 frequentabatur.
1087 1096 1168 1163 Vid.

65 1188 181 1256 Strsb.
207 1192 231 1257 l.
246 1211 278 1257 e.
292 1214 328 1277 p.
341 1194 408 1259 214
424 1212 473 1272 n..
496 1214 537 1259 nc
551 1196 583 1260 si
595 1199 679 1261 muri
701 1216 821 1279 magns
842 1215 1004 1279 equarum
1018 1199 1169 1265 usnemu

65 1290 145 1356 inde
164 1291 270 1358 fieret.
314 1292 399 1360 Cum
421 1294 541 1361 Strabo
557 1316 633 1387 cum
647 1298 724 1362 eliis
746 1308 870 1383 septen,
894 1298 989 1362 Mein
1002 1316 1079 1362 cum
1092 1297 1172 1363 Vir·

64 1392 147 1476 gilio
161 1414 335 1458 uouemere
349 1415 409 1461 seu
422 1397 538 1481 capitu
553 1403 586 1463 et
599 1398 706 1464 fontes
729 1398 796 1484 (sic
810 1421 867 1464 ora
880 1400 985 1464 etalii
998 1420 1032 1464 v.
1048 1418 1079 1464 c.
1094 1399 1171 1466 Ste-
1214 1456 1217 1461 .

64 1493 133 1557 tius
149 1509 189 1557 lv
202 1495 308 1562 luen.
323 1494 405 1580 832)
429 1504 619 1578 memorent,
638 1520 704 1565 non
716 1500 926 1585 inexplorate
938 1499 1059 1565 undite
1072 1501 1116 1563 nb
1128 1502 1171 1565 iis

65 1614 142 1660 esse
154 1614 176 1659 e
188 1598 289 1662 modo
303 1597 404 1664 dietis
417 1606 576 1683 nppnret3
597 1620 658 1666 nee
672 1620 808 1666 neeesse
821 1608 884 1678 est,
900 1601 986 1665 elles
999 1602 1033 1664 in
1047 1600 1173 1665 vicinis

64 1697 296 1780 murium,
319 1719 396 1782 quse
419 1702 455 1764 in
467 1698 603 1765 eosdem
622 1701 737 1766 alveos
750 1701 948 1777 deferuntur,
971 1718 1172 1785 quamquo

65 1814 132 1861 une
150 1816 196 1863 ex
210 1798 286 1865 lecu
299 1800 420 1885 prodit,
435 1820 458 1866 n
470 1802 637 1866 veteribus
652 1807 883 1866 annumeratus
902 1818 977 1864 esse
991 1801 1170 1883 suspicari,

65 1896 157 1980 quod
179 1897 354 1966 Cluverius
377 1901 531 1967 faciebat.
578 1901 667 1968 Hoec
690 1901 806 1968 endem
823 1900 970 1983 diligenti
993 1900 1172 1985 investiga·

64 1999 155 2063 tione
167 2007 374 2083 prosecutum
386 2002 539 2067 videmus
562 2002 847 2080 Holdsworthum,
870 2003 1107 2084 elegantissimi
1122 2004 1172 2067 in·

66 2102 153 2183 gerii
172 2104 289 2181 virum,
314 2104 392 2167 dum
414 2106 555 2182 viveret
577 2124 613 2187 p.
637 2107 713 2169 600.
736 2105 815 2169 601.
859 2102 1053 2168 Immutarit
1073 2104 1172 2185 longe

66 2208 150 2268 utne
170 2204 321 2268 locorum
341 2202 481 2285 faeiem
504 2204 610 2287 quidl
634 2204 726 2286 quod
741 2205 967 2267 invalescente
977 2204 1086 2267 indies
1099 2222 1173 2267 ver·
1222 2224 1226 2231 ’

65 2322 124 2369 sus
137 2304 203 2369 hou
224 2304 314 2369 littus
327 2304 458 2369 boreale
467 2305 563 2368 -meri'
577 2302 750 2367 Adriatieo
768 2303 900 2385 reprimi
915 2301 1058 2366 ereditur
1072 2320 1171 2385 aqnoe

66 2405 101 2467 in
122 2405 214 2488 ipsis
234 2404 377 2469 flmuinis
399 2405 497 2470 ostiis
511 2406 665 2489 impetus,
688 2405 737 2470 ita
759 2409 798 2468 ut
818 2422 904 2467 nunc
926 2403 1023 2485 longe
1044 2403 1171 2469 minore

66 2507 180 2589 spatio
193 2506 326 2584 flumen,
347 2508 411 2570 sub
425 2507 520 2590 ipsos
534 2506 602 2571 fere
615 2506 723 2570 fontes
738 2512 905 2587 stagnans,
928 2524 987 2587 per
1000 2504 1172 2587 planitiem

66 2607 109 2670 nd
132 2626 225 2671 mare
247 2604 436 2671 deferatur.²
479 2608 631 2672 Cetermn
651 2627 726 2672 eum
746 2627 807 2692 per
819 2609 1046 2672 subterraneus
1060 2624 1172 2670 caver·

66 2726 128 2772 nes
157 2708 244 2771 muri
272 2707 316 2771 nd
341 2707 476 2772 'l'imnvi
499 2708 605 2772 fontes
629 2710 691 2772 iter
712 2713 837 2791 patent,
863 2726 938 2772 eum
962 2713 1047 2773 aestu
1068 2708 1171 2771 meris

66 2828 220 2893 magnam
243 2808 292 2873 illi
316 2827 476 2892 equarum
494 2810 616 2874 molem
639 2809 823 2892 accipiunt3
846 2828 913 2892 quo
927 2809 975 2887 fit,
1000 2815 1037 2873 ut
1049 2809 1172 2893 ingenti

67 2929 142 2975 eum
164 2909 295 2993 fregere
320 2916 354 2974 et
375 2910 502 2991 mugitu
523 2911 736 2975 subterraneo
758 2907 920 2973 'limevus
939 2911 1020 2973 inter
1041 2911 1172 2991 rupium

69 3018 164 3077 autre
177 3020 370 3096 prorumpet
382 3010 461 3096 (hoc
475 3018 527 3077 est
539 3018 663 3088 nostro,
680 3016 689 3044 ‘
706 3016 801 3074 vesto
816 3029 892 3074 curu
904 3029 1067 3072 murmure
1080 3028 1173 3072 mou-

69 3112 147 3197 tis),
173 3132 251 3190 nec,
260 3112 333 3196 jem
348 3115 383 3176 in
397 3134 495 3177 unum
510 3115 641 3178 alveum
657 3118 804 3188 coactus,
821 3112 981 3174 contineri
992 3111 1027 3173 in
1039 3129 1080 3173 eo
1092 3127 1173 3192 pos-

10 3272 14 3285 .
71 3216 121 3294 sit,
130 3215 193 3280 sed
201 3216 315 3279 vicine
325 3214 391 3279 lete
405 3214 482 3279 luen
495 3214 645 3293 inundet,
655 3219 829 3295 antequem
843 3210 984 3275 edmero
993 3211 1173 3294 perveniat

73 3313 161 3380 Hine
175 3316 235 3381 ille
247 3314 272 3377 it
287 3336 373 3379 mere
382 3325 580 3400 proruptum,
594 3315 637 3379 ed
652 3315 753 3377 meris
768 3312 928 3395 speciem,
943 3329 1080 3392 magnos
1093 3311 1173 3374 fluc-

71 3421 120 3482 tus
133 3418 303 3484 volventis
315 3414 423 3503 (quod
438 3436 557 3501 magne
569 3434 667 3513 equse
679 3415 714 3477 vi
727 3413 912 3498 prorumpit
926 3430 974 3488 se,
988 3408 1173 3487 effunditur,

570 3624 676 3675 NOTAE

105 3770 113 3798 ¹
130 3770 207 3821 Unus
217 3784 252 3819 ex
263 3768 304 3819 lrls
313 3768 428 3820 fontibus
438 3769 486 3819 sub
496 3770 603 3819 castello
643 3767 763 3832 togrnplr.
777 3765 925 3817 Cnmiolieu
934 3766 980 3814 To.
994 3776 1014 3812 r.
1026 3777 1051 3827 p.
1062 3766 1104 3812 61.
1122 3760 1175 3810 An-

72 3846 297 3911 Duinoineignlnr
307 3846 453 3896 electoris
464 3846 606 3898 uflruber
643 3844 782 3909 tiquiorem
799 3844 914 3892 locorum
933 3838 1029 3889 faciem
1047 3836 1177 3887 intabuit

71 3921 159 3973 Briefe
179 3922 246 3972 tiber
264 3920 348 3971 Krnln
367 3920 480 3971 Vindob.
492 3925 566 3972 1⁷81.
578 3934 605 3985 p.
645 3921 735 3971 videre
747 3919 811 3970 licet
822 3919 849 3968 ln
860 3918 927 3967 libro
938 3917 1006 3980 apud
1019 3916 1113 3967 luntas
1124 3913 1175 3960 Ve-

72 4004 127 4049 lle.
143 4012 170 4049 e.
182 3998 238 4048 tub.
645 4003 700 4047 net.
718 4000 781 4047 1658
800 3994 847 4045 fel.
858 3994 980 4057 vulgato:
997 3990 1052 4039 ‘de
1070 3986 1176 4037 Balneis

100 4076 114 4102 ²
131 4073 176 4125 cf.
186 4074 310 4123 Sclrliizer
320 4070 505 4122 Briefueehrel
516 4085 538 4121 rr
555 4072 605 4122 Ἧι.
645 4072 731 4122 omniu
742 4085 800 4136 qne
810 4075 902 4119 extent
913 4068 982 4131 apud
1001 4066 1118 4125 Grecos,
1128 4063 1177 4119 Le-

70 4150 138 4205 lieft
146 4162 202 4216 ιιι,
210 4165 238 4217 p.
246 4153 305 4201 ut.
316 4148 378 4200 edd.
390 4148 513 4215 litequet
524 4149 607 4215 Orpe-
645 4148 725 4213 tinus,
735 4153 765 4199 et
774 4143 890 4197 Arsbu'
902 4157 930 4207 p.
940 4144 997 4191 tun.
