2664 4686
402 334 454 382 An
477 332 649 383 surinus
674 333 746 382 uin.
770 336 821 385 vr.
882 354 885 365 ι
1074 324 1162 391 4211

45 498 118 565 que
131 477 168 543 iu
182 475 358 543 refellendo
372 475 518 543 Ouwms
536 475 639 542 Noct.
661 478 753 562 Hag.
774 481 832 545 lib.
855 497 881 558 ι,
903 502 935 546 c.
956 483 990 546 2.
1034 482 1163 551 Sufficit

46 587 176 659 mre,
197 579 308 663 ipsam
321 579 553 643 necessitatem
567 579 627 643 has
640 580 810 663 prolepses
824 583 920 659 trieri,
943 586 1075 667 quoties
1087 605 1162 655 m.

47 687 140 753 ratio
151 690 301 749 versetur
314 685 348 748 in
361 684 405 747 iis
418 683 634 766 temporibus,
651 684 687 746 in
700 686 821 768 quibus
833 687 928 750 nulla
940 685 1090 751 locorum
1101 706 1162 774 ap-

49 788 192 873 pellatio
206 791 267 864 est,
294 791 353 850 aut
365 787 424 850 ubi
438 787 597 849 molestus
611 785 695 850 soret
708 785 821 870 poeta,
843 789 995 853 obsoleta
1008 796 1041 854 et
1055 808 1077 854 a
1089 809 1162 856 cor·

49 889 153 953 minis
172 889 337 954 suavitate
358 888 468 952 aliena
485 906 527 951 uc
541 888 683 951 barbare
695 890 830 952 nomine
842 891 1031 954 excitando.
1074 890 1162 970 Quis

50 990 196 1067 dubitet,
218 991 305 1054 henc
327 989 555 1053 defensionem·
574 1008 649 1053 esse
677 990 762 1055 satis
787 990 933 1075 justam!
965 991 1092 1057 Verum
1118 1014 1161 1059 no

52 1089 183 1157 Lucani
207 1091 351 1174 quidem,
376 1089 465 1174 quod
488 1090 622 1154 Servius
646 1093 704 1168 ait,
728 1092 787 1154 illo
802 1098 949 1176 tempore
964 1095 998 1157 in
1011 1095 1064 1158 his
1077 1095 1162 1163 locis

51 1194 161 1260 fuisse
182 1193 347 1258 videntur.
391 1193 535 1256 Fuenmt
555 1194 642 1256 enim
665 1192 792 1257 Lucani
819 1214 841 1258 a
863 1194 1081 1276 Samnitibus,
1104 1198 1163 1281 qui

53 1295 256 1361 Sabinorum
270 1294 444 1378 progenies
458 1298 561 1370 erunt,
586 1293 727 1371 oriundi,
752 1315 861 1378 neque
880 1296 914 1358 in
928 1296 1003 1361 haec
1018 1298 1094 1363 locu
1107 1318 1163 1364 ve·

52 1402 180 1475 nerunt,
194 1397 261 1460 nisi
275 1402 450 1479 postquam
464 1394 660 1461 Graecorum
676 1396 818 1462 coloniae
832 1396 965 1465 ltaliam
976 1399 1163 1465 inferiorem

52 1518 219 1583 ocmrpare
233 1503 413 1581 coeperant,
437 1498 472 1560 id
496 1498 588 1580 quod
610 1503 687 1580 post
706 1498 854 1582 TroJann
867 1500 997 1563 demum
1012 1507 1164 1583 tempora
1201 1521 1204 1525 ·

54 1600 211 1682 cmtigit3
233 1600 434 1682 temporibus
450 1617 527 1662 vcro
541 1596 698 1680 'l'rojenis
715 1596 839 1662 Clonus
852 1606 886 1664 et
902 1598 1059 1677 OEnotrcr,
1082 1604 1116 1667 h.
1132 1622 1163 1669 e.

55 1700 269 1783 Pelasgum
291 1698 429 1764 Greecie
451 1720 527 1764 cum
550 1697 746 1767 Ausonibus
766 1704 889 1785 priscis
911 1702 1021 1769 Italiae
1037 1704 1163 1773 colonis

54 1804 243 1888 permixtos
255 1802 412 1877 coluisse,
436 1821 481 1865 ex
494 1801 538 1864 iis
551 1800 760 1867 menifestum
773 1808 835 1881 est,
862 1824 938 1887 qnae
963 1804 1084 1870 Strabo
1103 1806 1162 1871 lib.

55 1922 92 1969 vr
108 1926 162 1989 pr.
177 1903 326 1987 exponit.
371 1901 472 1966 Gircu
490 1901 552 1965 has
572 1904 659 1965 enim
671 1909 783 1985 partes
798 1921 820 1967 a
834 1903 907 1968 Ino
920 1905 996 1968 inde
1009 1905 1044 1970 fl.
1057 1906 1164 1987 primo

51 2026 198 2071 necessu
213 2004 374 2069 OEnotros
387 2002 569 2079 habitasse,
594 2003 746 2086 hancque
760 2005 900 2086 primam
915 2003 1050 2069 Italiam
1061 2004 1164 2071 fuisse

51 2108 270 2193 appellatam,
285 2106 354 2197 alio
367 2104 444 2168 loco
457 2104 612 2168 vidimus.
632 2103 792 2189 (Excurs.
810 2120 883 2167 xxi
901 2105 944 2167 ad
958 2106 1017 2169 lib.
1035 2122 1059 2168 1.
1093 2105 1164 2170 Ex·

50 2228 144 2274 curs.
161 2223 201 2270 rv
218 2205 262 2270 ad
274 2205 333 2270 lib.
351 2200 434 2286 vu.)

51 2368 54 2373 .
98 2309 218 2393 Pergit
232 2307 415 2391 Dionysius
426 2307 451 2371 l.
467 2326 499 2369 c.
513 2306 700 2386 invulguri,
712 2324 812 2388 quum
821 2324 1005 2389 proponere
1016 2307 1163 2387 volebat,
1215 2321 1220 2329 “

51 2413 260 2480 narratione:
291 2407 490 2491 ‘'l'rojunos,
516 2427 538 2471 a
561 2407 721 2472 Palinuro
743 2412 931 2491 provectos,
957 2407 1000 2471 ad
1021 2409 1164 2474 insulem

54 2514 240 2602 appulisse,
254 2512 311 2576 cui
324 2530 347 2574 a
358 2510 502 2594 quadam
516 2510 633 2574 AEneae
647 2509 855 2585 consobrina,
870 2529 946 2592 quae
961 2510 1009 2574 ibi
1026 2511 1163 2589 obierat,

57 2614 231 2693 haurio,
260 2633 331 2693 seu,
346 2622 381 2676 ut
397 2610 472 2697 fere
498 2609 591 2674 scribi
618 2608 706 2691 solet,
734 2607 891 2674 Leucoricr
916 2629 1034 2674 nomen
1058 2612 1164 2695 impo-

54 2736 158 2801 situm
171 2729 238 2797 sit'
282 2729 497 2797 Communior
515 2728 607 2793 fama
634 2729 677 2792 ab
705 2746 774 2791 una
802 2727 963 2819 Sirenum,
988 2727 1162 2807 leucosia,

55 2854 177 2901 nomen
204 2832 334 2917 repetit.
395 2829 462 2894 Sed
488 2829 610 2893 famum
638 2827 861 2910 navigationis
888 2827 1105 2911 Trojenonrm
1130 2828 1165 2891 in

53 2934 140 3005 ueri
163 2932 334 3016 Tyrrheno
356 2930 452 3012 sequi
477 2930 659 2992 maluerunt
681 2930 749 2992 elii.
795 2926 914 3009 ltaque
938 2930 1037 2990 etism
1061 2929 1162 3004 suere,

57 3038 114 3123 qui
126 3034 295 3119 'lrojmos
309 3032 354 3096 ad
368 3030 554 3094 Sardiniam
568 3028 752 3092 adhaesisse
766 3026 940 3091 traderent.
978 3027 1058 3090 Vid.
1074 3028 1165 3092 Pau·

58 3156 130 3204 ron.
147 3153 190 3214 x,
206 3137 260 3201 17.

98 3244 112 3275 ‘
124 3239 218 3305 Hinc
233 3236 341 3302 evecti
355 3231 510 3317 'hojoni'
532 3230 690 3313 (Dionys.
705 3225 770 3311 ib.)
785 3230 842 3292 ‘in
856 3228 1029 3312 pulchrum
1039 3247 1165 3311 acpro-

54 3341 195 3419 fmrdnm
209 3343 340 3424 portum
360 3338 395 3400 in
416 3333 545 3418 Opicis'
567 3333 639 3415 (qui
653 3331 829 3396 Ausonum
837 3334 877 3395 in
890 3332 943 3396 his
956 3331 1043 3395 locis
1057 3350 1164 3415 popu·

57 3442 109 3509 lus
123 3439 214 3524 erat)
236 3440 363 3504 ‘delati
386 3443 481 3517 sunt3
504 3437 716 3517 extinctoque
729 3435 777 3498 ibi
794 3434 938 3510 Miseno,
963 3433 1067 3496 nobili
1084 3451 1166 3517 quo·

55 3542 137 3612 dam
152 3544 238 3619 viro,
252 3546 381 3624 portum
398 3541 442 3603 ab
456 3558 497 3603 eo
518 3535 668 3600 Misenum
683 3534 955 3602 denominarunt!

100 3644 159 3711 De
187 3641 312 3706 Miseno
331 3641 477 3705 sabulum
504 3639 667 3720 Virgilius
690 3656 908 3718 magnacum
932 3642 1000 3700 arte
1026 3635 1167 3700 intexuit

63 3747 202 3815 carmini
218 3765 301 3825 suo;
325 3744 384 3809 sed
399 3749 545 3807 ornatam
560 3747 593 3805 et
613 3742 783 3816 variatum,
810 3739 866 3802 lib.
896 3755 944 3814 vr,
970 3738 1035 3805 149
1058 3758 1167 3821 sqq-

52 3836 135 3914 ⁶85.
181 3846 347 3911 Discessit
360 3846 403 3908 ab
418 3845 568 3920 aliorum,
587 3844 668 3905 inter
682 3860 768 3923 qnos
782 3839 898 3904 Caesar
912 3839 974 3905 suit
990 3838 1167 3903 Ponufica-

60 3946 141 4013 iirm
154 3948 265 4032 primo
279 3945 370 4030 opud
383 3943 513 4009 Victor.
527 3941 569 4007 0.
586 3941 630 4007 G.
648 3941 692 4005 R.
706 3942 740 4018 9,
754 3940 819 4005 fide
833 3942 933 4006 etiem
948 3936 982 4004 l'n
992 3940 1068 4017 hoc,
1078 3935 1168 4020 quod

67 4066 129 4116 non
150 4050 187 4114 in
207 4050 283 4114 sinu
304 4048 433 4114 Baiano
453 4046 515 4112 sed
527 4047 614 4111 ultra
629 4044 796 4108 Misenum
813 4063 927 4109 versus
941 4041 1066 4109 Cumas
1081 4039 1166 4102 clas*

71 4168 138 4218 sun
162 4152 340 4237 appulsam
367 4166 442 4217 οδω
468 4150 583 4214 voluit.
634 4138 893 4211 Gubernatorem
919 4143 1022 4209 fuisse
1045 4140 1164 4206 AEnoto
