2664 4686
514 330 712 386 MURSUS
735 334 810 387 xli.

440 624 758 725 excursus
798 628 881 704 xl.

435 793 640 846 Pouuxenoe
655 793 883 849 mirobello.

154 926 210 989 ιιι,
236 910 410 978 aul—324
434 907 486 975 ‘O
510 911 591 976 felix
612 929 679 976 una
702 917 779 976 ante
801 911 888 977 alias
911 912 1089 981 Priameia
1111 916 1210 1003 virgo,

109 1012 276 1079 Hostilem
291 1012 333 1077 ad
348 1012 507 1077 tumulum
520 1011 635 1096 TroJae
649 1013 712 1076 sub
726 1013 892 1077 moenibus
906 1013 984 1078 altis
998 1012 1110 1083 suasa
1123 1016 1210 1085 Μ’,

108 1133 186 1201 quae
200 1115 332 1178 sortitus
346 1132 412 1178 uon
425 1113 560 1197 pertulit
572 1113 671 1190 ullos,
694 1111 729 1176 N
730 1132 770 1176 ec
785 1114 921 1179 victoris
935 1115 1007 1180 heri
1020 1118 1129 1199 tetigit
1140 1138 1213 1203 cap·

106 1214 178 1278 tiva
197 1213 335 1278 cubilei'
357 1213 493 1277 Fundus
515 1215 682 1278 sententiae
705 1214 739 1277 in
764 1213 879 1297 Eurip.
901 1213 1031 1281 Tmad.
1055 1216 1126 1284 (Μ
1142 1238 1208 1304 sqq.

109 1312 208 1379 Felix
231 1316 346 1400 utique
369 1313 470 1399 poe'ta
489 1314 524 1377 in
537 1314 611 1398 ejus
626 1315 849 1380 exornatione.
895 1314 996 1401 Saepe
1010 1336 1089 1383 eam
1101 1319 1209 1402 magici

108 1435 186 1481 cum
207 1417 369 1500 gravimto
391 1423 424 1481 et
444 1416 653 1483 miseratione
668 1415 870 1499 adhibuere3
890 1417 990 1482 nimis
1010 1418 1208 1487 luxurianter

109 1515 238 1583 Seneca
250 1519 285 1582 in
298 1517 421 1583 Troad.
435 1517 608 1583 lla—163
623 1521 633 1553 ‘
647 1516 726 1583 Non
740 1525 792 1583 est
804 1516 932 1584 Priami
944 1519 1138 1586 miseranda
1153 1520 1209 1586 mei

108 1639 208 1699 mors,
222 1618 356 1685 Iliades'
369 1625 445 1696 etc..
469 1617 587 1683 ubiad
601 1640 632 1683 v.
647 1619 713 1684 148
733 1620 834 1683 etiam
847 1639 892 1683 ex
906 1621 1095 1684 oratoribus
1107 1640 1208 1687 exm-

109 1719 168 1803 pla
181 1720 295 1785 laudat
316 1720 462 1786 Gronov.
507 1719 660 1784 Ceterum
686 1723 830 1786 varietas
853 1723 944 1785 etin
968 1723 1209 1807 hojusfalnle

109 1823 302 1886 tractatione
316 1827 377 1886 est.
403 1819 552 1885 Achilles
567 1821 750 1905 Polyxenoe
765 1841 877 1887 amore
891 1829 1013 1906 eaptus
1027 1823 1065 1887 in
1078 1824 1210 1891 iusidias

109 1920 286 1988 inciderat:
307 1924 424 1986 umbra
437 1923 511 2006 ejus
525 1929 667 1988 amatam
677 1923 821 2006 puellam
834 1925 899 1989 sibi
911 1925 1064 2008 postulat
1073 1925 1209 1991 debitam

109 2023 235 2109 praedae
258 2031 397 2110 partem.
441 2022 489 2089 At
512 2025 687 2109 Polyxena
707 2024 849 2091 Achillis
872 2046 983 2091 amore
1005 2027 1150 2109 flagrans
1171 2028 1210 2094 ai

29 2201 32 2207 ν
110 2125 184 2210 ejus
197 2128 356 2192 tumulum
369 2146 488 2192 manus
502 2125 567 2190 sibi
584 2126 683 2191 insert
705 2128 795 2211 apud
818 2128 931 2193 Treta.
955 2127 1132 2196 Posthom.
1152 2128 1212 2197 ⁴oe

111 2246 163 2310 sq.
187 2228 245 2293 ubi
265 2226 308 2294 cf.
328 2226 469 2293 Jacobs.
514 2226 644 2292 Laudat
656 2226 781 2292 Tretza
794 2234 961 2294 auctorem
978 2226 1209 2298 flaviniacus

111 2326 175 2392 Est
188 2329 217 2392 is
233 2328 372 2393 Flavius
387 2330 618 2405 Philomelus,
640 2347 729 2393 vana
748 2336 934 2395 commenta
947 2350 1010 2415 pro
1023 2331 1148 2400 fabulis
1159 2354 1212 2400 au-

111 2430 213 2512 tiquis
229 2449 397 2514 apponere
412 2431 540 2495 solitus.
586 2430 739 2495 Mactata
759 2436 812 2495 est
831 2431 1009 2516 Polyxena
1026 2443 1105 2502 ante
1120 2436 1211 2502 ssim
1238 2454 1241 2461 '

112 2528 155 2594 ad
170 2526 313 2595 Achillis
327 2530 486 2593 tumulum
500 2531 535 2593 in
548 2528 670 2611 Sigeo:
694 2531 785 2613 quod
796 2530 957 2614 Virgilius
966 2538 1213 2621 qnoqueaequi-

110 2638 171 2696 tur.
216 2630 351 2706 Contra,
378 2648 455 2692 cum
467 2627 626 2712 Euripide
639 2631 675 2693 iu
690 2629 846 2710 Hecuba,
872 2631 929 2695 alii
947 2633 984 2695 in
1002 2633 1151 2701 'l'luacia
1161 2636 1214 2700 dei

111 2736 204 2795 mam
226 2727 432 2812 Polyxenam
457 2727 617 2792 immolari
640 2729 780 2810 faciunt,
803 2750 889 2817 quos
908 2735 1059 2817 sequitur
1073 2735 1212 2802 Ovidius

113 2828 196 2895 Met.
211 2844 299 2906 xm,
313 2829 379 2894 442
393 2848 468 2914 sqq.
501 2829 555 2893 De
568 2829 751 2909 sortitione,
767 2830 917 2918 κληρῶσιι,
930 2834 995 2898 hac
1010 2838 1212 2919 captivarmu

113 2932 255 2997 ducibus
270 2929 402 2996 Graecia
415 2929 588 3014 inpraedae
609 2936 704 3013 parte
729 2932 1000 3015 assignandamm
1024 2936 1091 3000 loc.
1117 2939 1209 3002 elasa

115 3033 231 3119 Eurip.
245 3032 368 3098 Troad.
382 3033 447 3098 236
461 3053 535 3117 sqq.
579 3031 632 3098 cf.
657 3031 774 3111 Quint.
799 3033 874 3098 Cal.
899 3051 981 3113 xit,
1003 3036 1072 3102 382
1095 3044 1211 3122 sqqet

113 3135 246 3201 Tabula
262 3135 369 3201 Iliaca
381 3156 415 3200 n.
431 3153 474 3200 ιιι
491 3156 565 3220 sqq.
580 3141 613 3199 et
628 3134 771 3200 Fabrett.
787 3156 823 3219 p.
839 3136 916 3215 378,
941 3136 1020 3201 add.
1041 3136 1210 3225 Polygnoti

114 3239 261 3304 tabulam
276 3240 311 3304 in
325 3238 471 3304 Pausan.
489 3254 528 3317 rr,
541 3238 595 3303 25.
609 3237 664 3313 26,
679 3235 723 3302 ei.
738 3257 811 3321 sup.
827 3238 870 3305 ad
887 3254 926 3316 ιι,
940 3238 1019 3306 766.

540 3513 774 3530 m

404 3678 778 3760 EXCURSUS
823 3676 925 3755 xil.

471 3851 712 3905 NEOPTOLEMI
730 3851 863 3904 CAEDFS.

164 3991 219 4051 ιιι,
244 3972 310 4037 327
336 3990 412 4055 sqq.
437 3968 548 4048 ‘Noa
572 3971 681 4054 patria
697 3970 840 4047 incensa,
864 3968 997 4032 diversa
1008 3987 1070 4053 per
1084 3984 1221 4056 aequoro

118 4072 334 4140 reatu—Ast
343 4069 614 4138 illum-Orestes
624 4069 762 4167 Excipit
770 4070 948 4148 incautum,
956 4071 1153 4156 patriasque
1163 4073 1225 4137 ob*

120 4182 245 4241 tnrncat
269 4176 311 4240 ad
337 4172 433 4239 aras?
478 4172 626 4239 Primum
649 4170 691 4236 de
713 4170 775 4236 hoc
797 4167 1230 4239 moneam-Andromache
