2664 4686
389 300 440 351 sn
461 298 634 352 assinos
657 298 729 349 ιιιι.
753 299 794 348 ιι.
1055 254 1144 361 ᾗ»)

92 446 169 515 Non
181 469 272 517 vana
283 452 361 519 hinc
375 455 524 538 suspicio
542 455 621 519 oriri
641 459 759 538 potest,
782 452 1030 537 Euphorionem
1042 420 1144 523 etlam

92 552 191 635 rgilio
213 555 248 619 in
269 554 333 619 hac
358 554 472 621 fabula
493 564 569 621 ante
591 556 708 621 oculos
722 557 870 640 positum
882 554 996 621 fuisse.
1040 554 1143 637 Nam,

92 670 147 719 ern
167 654 342 737 magnifiee
363 654 526 738 Virgilius
550 657 592 721 do
615 676 656 721 eo
676 654 781 740 po'eta
793 658 942 735 senserit,
961 676 1006 721 ex
1019 656 1147 741 Ecloga
1238 652 1244 663 ’

92 752 158 825 ‚72
178 762 214 821 et
232 771 274 834 ιι,
298 758 345 821 oo
365 757 572 840 intelligitur3
594 757 681 822 unde
704 758 802 821 etiam
828 754 969 835 Quintil.
995 774 1036 837 x,
1051 759 1083 839 1,
1101 758 1147 825 dd

92 854 191 933 tuidi
225 855 470 941 Euphorionem
497 860 734 925 trarrsibimusl
756 864 854 942 quem
878 860 944 923 nisi
973 861 1149 943 probasset

92 956 218 1041 rgilius,
241 958 329 1023 idem
342 979 508 1044 nunquam
522 959 828 1025 certe-conditorum
842 957 1036 1025 Chalcidico
1049 980 1148 1030 versu

92 1058 227 1123 rnrinum
254 1059 389 1125 fecisset
413 1061 447 1124 in
475 1060 646 1125 Bucolicis
671 1059 888 1125 mentionem?
944 1060 990 1127 Et
1015 1062 1148 1129 omnine
1245 1144 1252 1157 Ι

92 1159 285 1226 amonuit
298 1160 408 1245 po'etis
421 1163 570 1247 inprimis
589 1181 725 1247 operam
744 1161 878 1227 dedisse
899 1162 1074 1247 Virgilium
1087 1184 1148 1231 no·

92 1280 162 1337 mn,
178 1281 226 1327 ex
236 1262 346 1346 iisqne
356 1263 538 1347 profecisse
552 1265 587 1328 in
600 1262 750 1328 doctrina
757 1262 904 1349 poetica,
920 1284 989 1349 qua
1002 1266 1150 1346 excellit,

92 1361 246 1439 mirabili,
267 1369 302 1426 et
314 1363 348 1425 in
362 1364 578 1446 simplicitate
592 1365 751 1429 orationis
764 1371 962 1448 pura-tersa
976 1374 1018 1431 ac
1031 1366 1151 1446 nitida,

92 1460 102 1525 i
130 1460 323 1544 dignitatem
347 1469 459 1528 tamen
484 1469 518 1528 et
545 1464 749 1546 gravitatem,
780 1484 849 1549 qua
880 1465 930 1531 illi
958 1472 1149 1544 carent-ex

92 1562 216 1644 apicis,
237 1569 276 1629 ut
299 1583 401 1648 snpra
422 1566 654 1648 exposuimus,
687 1568 827 1649 petitam
855 1567 989 1651 adjecit,
1012 1568 1151 1652 conjici·
1223 1602 1228 1607 ·

92 1680 135 1728 rs.
179 1660 275 1729 Certe
299 1683 343 1729 ex
364 1664 431 1730 illis
452 1663 563 1750 politis
582 1671 654 1730 tota
676 1664 838 1749 Augustei
860 1668 975 1733 saeculi
988 1668 1152 1752 elegantia

101 1764 191 1829 nitor
203 1763 341 1829 fluxisse
353 1765 494 1843 videtur,
516 1772 549 1830 et
571 1764 691 1833 Romae
715 1767 759 1830 ab
781 1767 1152 1849 elegantiorihnshomi·
1275 1768 1279 1777 ’

92 1882 150 1931 sus
182 1862 427 1931 Alexandrinos
456 1868 532 1933 illos
569 1867 665 1932 unice
698 1866 858 1952 frequenti
885 1867 1027 1933 lectione
1057 1868 1152 1933 tritos

92 1966 168 2043 isse,
189 1968 243 2032 vel
265 1988 309 2033 ex
333 1967 489 2035 Cicerone
513 1988 673 2053 apparere
697 1975 778 2053 puto
802 1968 907 2034 Τιιεο.
924 1968 992 2047 Qu.
1017 1985 1074 2047 ιιι,
1096 1968 1152 2047 19,

92 2067 267 2135 iEnnium
294 2071 360 2134 ‘ah
382 2071 435 2135 his
450 2070 671 2154 Euphorionis
691 2069 891 2135 cantoribus’
912 2070 961 2154 (h.
974 2091 1004 2134 e.
1017 2072 1072 2147 iis,
1095 2071 1154 2152 qui

92 2188 127 2233 nr
146 2170 203 2235 vel
220 2172 320 2237 latine
334 2172 513 2249 redderent,
536 2177 574 2236 ut
585 2170 759 2236 Cornelius
773 2170 904 2248 Gallus,
926 2170 1064 2234 releum
1078 2168 1152 2231 ἰιιιί·

92 2271 181 2337 lione
201 2279 411 2356 sequerentur
438 2279 496 2338 aut
520 2273 653 2337 omnino
678 2272 776 2333 valde
800 2270 1054 2349 frequentarent)
1075 2288 1154 2334 eon·

92 2372 230 2451 mniait3
250 2375 379 2436 scilicet
401 2374 570 2433 tersiorem
594 2376 629 2433 et
649 2367 814 2450 puriorem
834 2365 1054 2450 Euphorionis
1078 2370 1154 2435 ora·

92 2490 174 2537 ιιιαιι
183 2470 380 2556 judicabant
393 2470 552 2535 Enniana
596 2466 707 2532 Etiam
721 2467 890 2532 'liberium
905 2468 1072 2535 Coesarem
1087 2472 1154 2538 Eu·

92 2573 259 2653 monem,
282 2572 460 2649 Rhianum,
482 2576 515 2635 et
543 2570 754 2635 Parthenium
778 2570 954 2636 admodum
982 2574 1154 2655 probasse,

101 2680 265 2741 eteorum
280 2675 463 2738 imitatione
485 2673 629 2737 camnine
649 2692 760 2755 graeca
784 2674 950 2751 scriberet,
973 2693 993 2737 e
1018 2674 1154 2741 Sueten.

92 2776 129 2841 h.
144 2776 191 2839 ⁷0
205 2781 346 2840 constat.
391 2774 471 2838 Non
485 2774 583 2855 igitur
601 2774 671 2838 veri
693 2773 778 2837 adeo
801 2774 962 2840 dissimile
976 2775 1080 2840 videri
1094 2794 1156 2859 po-

92 2882 129 2955 rt,
144 2879 175 2941 si
190 2878 267 2960 quis
276 2874 517 2959 Euphorionem
529 2872 703 2954 eVirgilio
712 2877 745 2937 in
756 2876 818 2938 hac
834 2876 946 2939 tabula
960 2894 1156 2957 expressum

92 2997 128 3045 rc
150 2984 297 3053 censeat,
319 2978 407 3051 cum,
430 2994 508 3058 quae
535 2994 557 3037 a
582 2973 699 3036 Servio
715 2994 760 3038 ex
784 2995 827 3038 eo
850 2982 1175 3063 commemorentur,-

92 3078 254 3163 lrgilianis
276 3076 343 3141 sere
370 3077 579 3142 conveniant.
624 3074 718 3138 Idem
742 3077 776 3139 in
800 3076 914 3140 sabula
942 3076 984 3139 de
1009 3074 1156 3139 Coroebo

92 3184 170 3247 otor
184 3178 328 3262 Virgilio
342 3178 444 3243 luisse
458 3176 666 3261 perhibetur:
689 3176 748 3240 ins.
763 3177 906 3242 Excurs.
922 3195 962 3242 x.

92 3280 189 3347 Tota
213 3286 325 3345 tamen
348 3280 444 3356 ratio,
476 3297 544 3360 qua
567 3276 669 3360 poeta
692 3276 756 3341 hoc
784 3278 969 3361 episodium
991 3277 1158 3355 tractavit,

92 3383 219 3467 rgicum
244 3381 359 3463 potius
384 3379 534 3462 spiritum
558 3378 804 3460 orationemque
828 3378 1000 3443 affectibus
1025 3397 1159 3460 gravem

96 3488 251 3549 ornatum
264 3481 401 3564 prodere
415 3478 556 3543 videtur.
601 3478 726 3541 Debuit
738 3485 848 3543 autem
863 3480 897 3541 in
911 3480 1024 3545 multis
1038 3484 1160 3561 tragoe·

92 3586 124 3651 is
138 3586 262 3669 graecis
276 3585 465 3666 latinisque,
489 3602 626 3666 quarum
651 3590 843 3665 argumenta
861 3584 1030 3648 excidium
1042 3583 1161 3669 Troja-

92 3700 138 3755 rin
155 3688 367 3768 respicerent,
389 3684 464 3751 haec
485 3686 629 3750 narratio
644 3703 825 3750 occurrere.
871 3684 1027 3770 inprimis
1050 3691 1161 3750 tamen

92 3788 182 3857 »ndis
204 3788 284 3851 olim
306 3787 369 3852 suit
394 3784 554 3870 Sophoclis
575 3786 747 3870 tragoedia,
779 3783 924 3848 Laocoon
947 3788 1119 3869 inscripta,
1141 3804 1162 3848 e

92 3910 130 3955 ra
138 3908 258 3955 versus
271 3890 398 3972 aliquot
410 3889 556 3953 servavit
569 3888 710 3971 Dionys.
724 3886 837 3952 Halic.
851 3906 876 3966 1,
888 3888 932 3953 48
944 3887 1057 3973 (quern
1068 3882 1163 3966 ride)

92 3990 178 4055 idue
191 3990 286 4076 alios
302 3989 549 4072 Harpocration
571 3989 606 4052 in
619 3990 736 4072 ἀγυιᾶς.
780 3988 835 4052 Ex
848 3989 964 4053 endem
978 4006 1051 4050 esse
1070 3984 1162 4048 vide·

92 4108 131 4171 rr,
149 4090 239 4175 quod
264 4089 417 4155 Eustath.
440 4090 484 4155 ad
508 4090 631 4175 Odyss.
656 4094 693 4174 p.
720 4091 854 4159 14961.
883 4091 927 4155 36
947 4108 970 4152 a
996 4080 1168 4169 Sophocle

134 4204 400 4272 messiacus
591 4205 660 4269 reg.
1019 4206 1051 4253 ra
1068 4202 1095 4253 n
