<?xml version="1.0" encoding="UTF-8"?>
<!DOCTYPE html PUBLIC "-//W3C//DTD XHTML 1.0 Transitional//EN"
    "http://www.w3.org/TR/xhtml1/DTD/xhtml1-transitional.dtd">
<html xmlns="http://www.w3.org/1999/xhtml" xml:lang="en" lang="en">
 <head>
  <title>
</title>
<meta http-equiv="Content-Type" content="text/html;charset=utf-8" />
  <meta name='ocr-system' content='tesseract 3.04.00' />
  <meta name='ocr-capabilities' content='ocr_page ocr_carea ocr_par ocr_line ocrx_word'/>
</head>
<body>
  <div class='ocr_page' id='page_1' title='image "./pvirgiliimaroni00virggoog/pvirgiliimaroni00virggoog_0225.png"; bbox 0 0 2664 4686; ppageno 0'>
   <div class='ocr_carea' id='block_1_1' title="bbox 108 311 805 383">
    <p class='ocr_par' dir='ltr' id='par_1_1' title="bbox 108 311 805 383">
     <span class='ocr_line' id='line_1_1' title="bbox 108 311 805 383; baseline 0 -5"><span class='ocrx_word' id='word_1_1' title='bbox 108 311 198 379; x_wconf 74' lang='lat'>417⁰</span> <span class='ocrx_word' id='word_1_2' title='bbox 498 324 698 383; x_wconf 81' lang='lat' dir='ltr'><strong>rxounsus</strong></span> <span class='ocrx_word' id='word_1_3' title='bbox 719 326 805 378; x_wconf 81' lang='lat' dir='ltr'><strong>xnr.</strong></span> 
     </span>
    </p>
   </div>
   <div class='ocr_carea' id='block_1_2' title="bbox 109 469 1202 1977">
    <p class='ocr_par' dir='ltr' id='par_1_2' title="bbox 109 469 1202 1977">
     <span class='ocr_line' id='line_1_2' title="bbox 111 469 1202 556; baseline 0 -17"><span class='ocrx_word' id='word_1_4' title='bbox 111 473 229 539; x_wconf 77' lang='lat' dir='ltr'><strong>elmeri</strong></span> <span class='ocrx_word' id='word_1_5' title='bbox 237 471 336 535; x_wconf 80' lang='lat' dir='ltr'><strong>focile</strong></span> <span class='ocrx_word' id='word_1_6' title='bbox 346 469 475 554; x_wconf 80' lang='lat' dir='ltr'><strong>possit3</strong></span> <span class='ocrx_word' id='word_1_7' title='bbox 496 473 545 537; x_wconf 90' lang='lat' dir='ltr'><strong>uti</strong></span> <span class='ocrx_word' id='word_1_8' title='bbox 555 470 1202 556; x_wconf 65' lang='lat' dir='ltr'><strong>posnarynnus-ipsonitinternmn</strong></span> 
     </span>
     <span class='ocr_line' id='line_1_3' title="bbox 112 571 1201 657; baseline -0.002 -18"><span class='ocrx_word' id='word_1_9' title='bbox 112 574 251 657; x_wconf 80' lang='lat' dir='ltr'><strong>Delphis</strong></span> <span class='ocrx_word' id='word_1_10' title='bbox 274 573 398 637; x_wconf 80' lang='lat' dir='ltr'><strong>sacello</strong></span> <span class='ocrx_word' id='word_1_11' title='bbox 417 573 611 649; x_wconf 75' lang='lat' dir='ltr'><strong>celebratos,</strong></span> <span class='ocrx_word' id='word_1_12' title='bbox 633 573 753 656; x_wconf 86' lang='lat' dir='ltr'><strong>quode</strong></span> <span class='ocrx_word' id='word_1_13' title='bbox 768 572 912 639; x_wconf 83' lang='lat' dir='ltr'><strong>Pindaro</strong></span> <span class='ocrx_word' id='word_1_14' title='bbox 924 578 1071 639; x_wconf 71' lang='lat' dir='ltr'><strong>muniat.</strong></span> <span class='ocrx_word' id='word_1_15' title='bbox 1114 571 1201 647; x_wconf 75' lang='lat' dir='ltr'><strong>Nn,</strong></span> 
     </span>
     <span class='ocr_line' id='line_1_4' title="bbox 110 671 1197 760; baseline 0.001 -20"><span class='ocrx_word' id='word_1_16' title='bbox 110 696 182 741; x_wconf 82' lang='lat' dir='ltr'><strong>erm</strong></span> <span class='ocrx_word' id='word_1_17' title='bbox 207 673 328 758; x_wconf 79' lang='lat' dir='ltr'><strong>patriar</strong></span> <span class='ocrx_word' id='word_1_18' title='bbox 354 694 416 758; x_wconf 88' lang='lat' dir='ltr'><strong>pro</strong></span> <span class='ocrx_word' id='word_1_19' title='bbox 439 693 497 739; x_wconf 79' lang='lat' dir='ltr'><strong>arn</strong></span> <span class='ocrx_word' id='word_1_20' title='bbox 523 672 692 757; x_wconf 83' lang='lat' dir='ltr'>Apollinis</span> <span class='ocrx_word' id='word_1_21' title='bbox 717 671 848 760; x_wconf 64' lang='grc' dir='ltr'><strong>πατρῴου</strong></span> <span class='ocrx_word' id='word_1_22' title='bbox 873 673 951 750; x_wconf 87' lang='lat' dir='ltr'><strong>diei,</strong></span> <span class='ocrx_word' id='word_1_23' title='bbox 973 671 1099 738; x_wconf 83' lang='lat' dir='ltr'><strong>durum·</strong></span> <span class='ocrx_word' id='word_1_24' title='bbox 1113 678 1197 741; x_wconf 66' lang='lat' dir='ltr'><strong>eul-</strong></span> 
     </span>
     <span class='ocr_line' id='line_1_5' title="bbox 111 774 1195 859; baseline -0.004 -16"><span class='ocrx_word' id='word_1_25' title='bbox 111 778 179 843; x_wconf 88' lang='lat' dir='ltr'><strong>Sed</strong></span> <span class='ocrx_word' id='word_1_26' title='bbox 201 777 283 841; x_wconf 78' lang='lat' dir='ltr'><strong>sorte</strong></span> <span class='ocrx_word' id='word_1_27' title='bbox 307 775 410 859; x_wconf 70' lang='lat' dir='ltr'><strong>poeta</strong></span> <span class='ocrx_word' id='word_1_28' title='bbox 424 776 464 840; x_wconf 82' lang='lat' dir='ltr'><strong>in</strong></span> <span class='ocrx_word' id='word_1_29' title='bbox 483 782 551 840; x_wconf 91' lang='lat' dir='ltr'><strong>toto</strong></span> <span class='ocrx_word' id='word_1_30' title='bbox 571 776 634 840; x_wconf 88' lang='lat' dir='ltr'><strong>hoc</strong></span> <span class='ocrx_word' id='word_1_31' title='bbox 648 775 725 840; x_wconf 94' lang='lat' dir='ltr'><strong>loco</strong></span> <span class='ocrx_word' id='word_1_32' title='bbox 738 774 871 858; x_wconf 70' lang='lat' dir='ltr'><strong>poitum</strong></span> <span class='ocrx_word' id='word_1_33' title='bbox 884 775 1030 858; x_wconf 82' lang='lat' dir='ltr'><strong>aliquem</strong></span> <span class='ocrx_word' id='word_1_34' title='bbox 1038 774 1195 858; x_wconf 71' lang='lat' dir='ltr'><strong>&#39;mitiqu-</strong></span> 
     </span>
     <span class='ocr_line' id='line_1_6' title="bbox 111 875 1194 961; baseline -0.006 -16"><span class='ocrx_word' id='word_1_35' title='bbox 111 887 184 945; x_wconf 84' lang='lat' dir='ltr'><strong>onte</strong></span> <span class='ocrx_word' id='word_1_36' title='bbox 209 878 327 943; x_wconf 87' lang='lat' dir='ltr'><strong>oculos</strong></span> <span class='ocrx_word' id='word_1_37' title='bbox 346 879 472 956; x_wconf 75' lang='lat' dir='ltr'><strong>hebuit,</strong></span> <span class='ocrx_word' id='word_1_38' title='bbox 498 878 555 961; x_wconf 92' lang='lat' dir='ltr'><strong>qui</strong></span> <span class='ocrx_word' id='word_1_39' title='bbox 574 896 660 942; x_wconf 87' lang='lat' dir='ltr'><strong>nune</strong></span> <span class='ocrx_word' id='word_1_40' title='bbox 679 875 864 955; x_wconf 74' lang='lat' dir='ltr'><strong>intercidit;</strong></span> <span class='ocrx_word' id='word_1_41' title='bbox 886 882 919 939; x_wconf 87' lang='lat' dir='ltr'><strong>et</strong></span> <span class='ocrx_word' id='word_1_42' title='bbox 932 875 1027 939; x_wconf 76' lang='lat' dir='ltr'><strong>varie</strong></span> <span class='ocrx_word' id='word_1_43' title='bbox 1040 875 1104 959; x_wconf 67' lang='lat' dir='ltr'><strong>lips</strong></span> <span class='ocrx_word' id='word_1_44' title='bbox 1116 892 1194 959; x_wconf 74' lang='lat' dir='ltr'><strong>argu·</strong></span> 
     </span>
     <span class='ocr_line' id='line_1_7' title="bbox 109 973 1190 1060; baseline -0.01 -13"><span class='ocrx_word' id='word_1_45' title='bbox 109 987 255 1047; x_wconf 84' lang='lat' dir='ltr'><strong>mentrrm</strong></span> <span class='ocrx_word' id='word_1_46' title='bbox 269 981 373 1045; x_wconf 85' lang='lat' dir='ltr'><strong>fuisse</strong></span> <span class='ocrx_word' id='word_1_47' title='bbox 386 986 572 1056; x_wconf 77' lang='lat' dir='ltr'><strong>tractatum,</strong></span> <span class='ocrx_word' id='word_1_48' title='bbox 583 998 627 1043; x_wconf 85' lang='lat' dir='ltr'><strong>ex</strong></span> <span class='ocrx_word' id='word_1_49' title='bbox 639 977 807 1060; x_wconf 82' lang='lat' dir='ltr'><strong>Euripidis</strong></span> <span class='ocrx_word' id='word_1_50' title='bbox 820 975 926 1041; x_wconf 73' lang='lat' dir='ltr'><strong>Oreste</strong></span> <span class='ocrx_word' id='word_1_51' title='bbox 933 982 967 1040; x_wconf 89' lang='lat' dir='ltr'><strong>et</strong></span> <span class='ocrx_word' id='word_1_52' title='bbox 977 973 1190 1053; x_wconf 64' lang='lat' dir='ltr'><strong>Andromede,</strong></span> 
     </span>
     <span class='ocr_line' id='line_1_8' title="bbox 110 1074 1190 1168; baseline -0.006 -20"><span class='ocrx_word' id='word_1_53' title='bbox 110 1102 212 1168; x_wconf 76' lang='lat' dir='ltr'><strong>quom</strong></span> <span class='ocrx_word' id='word_1_54' title='bbox 226 1082 350 1146; x_wconf 77' lang='lat' dir='ltr'><strong>Ennius</strong></span> <span class='ocrx_word' id='word_1_55' title='bbox 362 1082 397 1147; x_wconf 89' lang='lat' dir='ltr'><strong>in</strong></span> <span class='ocrx_word' id='word_1_56' title='bbox 414 1079 635 1146; x_wconf 70' lang='lat' dir='ltr'><strong>Andromacha</strong></span> <span class='ocrx_word' id='word_1_57' title='bbox 651 1080 752 1146; x_wconf 78' lang='lat' dir='ltr'><strong>latine</strong></span> <span class='ocrx_word' id='word_1_58' title='bbox 765 1086 916 1156; x_wconf 74' lang='lat' dir='ltr'><strong>verteret,</strong></span> <span class='ocrx_word' id='word_1_59' title='bbox 927 1079 996 1144; x_wconf 69' lang='lat' dir='ltr'><strong>nlla</strong></span> <span class='ocrx_word' id='word_1_60' title='bbox 1007 1077 1073 1144; x_wconf 78' lang='lat' dir='ltr'><strong>fuit</strong></span> <span class='ocrx_word' id='word_1_61' title='bbox 1088 1074 1190 1141; x_wconf 71' lang='lat' dir='ltr'><strong>Mn·</strong></span> 
     </span>
     <span class='ocr_line' id='line_1_9' title="bbox 110 1178 1189 1267; baseline 0.004 -22"><span class='ocrx_word' id='word_1_62' title='bbox 110 1182 269 1247; x_wconf 74' lang='lat' dir='ltr'><strong>maelein</strong></span> <span class='ocrx_word' id='word_1_63' title='bbox 292 1180 448 1261; x_wconf 78' lang='lat' dir='ltr'><strong>Molonis,</strong></span> <span class='ocrx_word' id='word_1_64' title='bbox 473 1203 571 1267; x_wconf 85' lang='lat' dir='ltr'><strong>porro</strong></span> <span class='ocrx_word' id='word_1_65' title='bbox 590 1203 634 1248; x_wconf 83' lang='lat' dir='ltr'><strong>ex</strong></span> <span class='ocrx_word' id='word_1_66' title='bbox 650 1181 799 1257; x_wconf 78' lang='lat' dir='ltr'><strong>Pindari,</strong></span> <span class='ocrx_word' id='word_1_67' title='bbox 824 1180 1009 1258; x_wconf 68' lang='lat' dir='ltr'><strong>Strabonis,</strong></span> <span class='ocrx_word' id='word_1_68' title='bbox 1034 1178 1189 1249; x_wconf 58' lang='lat' dir='ltr'><strong>PM</strong></span> 
     </span>
     <span class='ocr_line' id='line_1_10' title="bbox 111 1278 1189 1369; baseline -0.007 -16"><span class='ocrx_word' id='word_1_69' title='bbox 111 1286 313 1368; x_wconf 75' lang='lat' dir='ltr'><strong>alienumque</strong></span> <span class='ocrx_word' id='word_1_70' title='bbox 326 1286 411 1349; x_wconf 91' lang='lat' dir='ltr'><strong>locis</strong></span> <span class='ocrx_word' id='word_1_71' title='bbox 424 1290 572 1369; x_wconf 80' lang='lat' dir='ltr'><strong>eppnret</strong></span> <span class='ocrx_word' id='word_1_72' title='bbox 617 1283 797 1366; x_wconf 80' lang='lat' dir='ltr'><strong>Polygnoti</strong></span> <span class='ocrx_word' id='word_1_73' title='bbox 806 1282 928 1347; x_wconf 72' lang='lat' dir='ltr'><strong>tabule</strong></span> <span class='ocrx_word' id='word_1_74' title='bbox 939 1282 974 1344; x_wconf 90' lang='lat' dir='ltr'><strong>in</strong></span> <span class='ocrx_word' id='word_1_75' title='bbox 986 1279 1116 1349; x_wconf 60' lang='lat' dir='ltr'><strong>lem</strong></span> <span class='ocrx_word' id='word_1_76' title='bbox 1128 1278 1189 1345; x_wconf 79' lang='lat' dir='ltr'><strong>litl-</strong></span> 
     </span>
     <span class='ocr_line' id='line_1_11' title="bbox 110 1381 1188 1470; baseline -0.003 -20"><span class='ocrx_word' id='word_1_77' title='bbox 110 1387 210 1470; x_wconf 82' lang='lat' dir='ltr'><strong>phion</strong></span> <span class='ocrx_word' id='word_1_78' title='bbox 223 1405 289 1470; x_wconf 64' lang='lat' dir='ltr'><strong>epe</strong></span> <span class='ocrx_word' id='word_1_79' title='bbox 301 1387 450 1451; x_wconf 82' lang='lat' dir='ltr'><strong>Peusnu.</strong></span> <span class='ocrx_word' id='word_1_80' title='bbox 472 1403 512 1464; x_wconf 87' lang='lat' dir='ltr'><strong>x,</strong></span> <span class='ocrx_word' id='word_1_81' title='bbox 532 1386 588 1451; x_wconf 77' lang='lat'><strong>25.</strong></span> <span class='ocrx_word' id='word_1_82' title='bbox 602 1386 657 1451; x_wconf 74' lang='lat'><strong>26.</strong></span> <span class='ocrx_word' id='word_1_83' title='bbox 672 1405 716 1449; x_wconf 86' lang='lat' dir='ltr'><strong>en</strong></span> <span class='ocrx_word' id='word_1_84' title='bbox 730 1385 774 1450; x_wconf 79' lang='lat' dir='ltr'><strong>ed</strong></span> <span class='ocrx_word' id='word_1_85' title='bbox 788 1383 1001 1466; x_wconf 78' lang='lat' dir='ltr'><strong>Neoptolemi</strong></span> <span class='ocrx_word' id='word_1_86' title='bbox 1020 1381 1188 1447; x_wconf 63' lang='lat' dir='ltr'><strong>memma</strong></span> 
     </span>
     <span class='ocr_line' id='line_1_12' title="bbox 110 1479 1189 1572; baseline -0.008 -15"><span class='ocrx_word' id='word_1_87' title='bbox 110 1487 318 1557; x_wconf 76' lang='lat' dir='ltr'><strong>recolendam</strong></span> <span class='ocrx_word' id='word_1_88' title='bbox 339 1489 533 1572; x_wconf 72' lang='lat' dir='ltr'><strong>spectarint,</strong></span> <span class='ocrx_word' id='word_1_89' title='bbox 556 1508 602 1552; x_wconf 85' lang='lat' dir='ltr'><strong>ex</strong></span> <span class='ocrx_word' id='word_1_90' title='bbox 625 1488 703 1570; x_wconf 83' lang='lat' dir='ltr'><strong>ipso</strong></span> <span class='ocrx_word' id='word_1_91' title='bbox 728 1504 841 1553; x_wconf 75' lang='lat' dir='ltr'><strong>eorum</strong></span> <span class='ocrx_word' id='word_1_92' title='bbox 865 1490 1057 1566; x_wconf 79' lang='lat' dir='ltr'><strong>argumento</strong></span> <span class='ocrx_word' id='word_1_93' title='bbox 1079 1479 1189 1566; x_wconf 64' lang='lat' dir='ltr'><strong>emoti</strong></span> 
     </span>
     <span class='ocr_line' id='line_1_13' title="bbox 111 1584 1188 1668; baseline -0.005 -15"><span class='ocrx_word' id='word_1_94' title='bbox 111 1587 244 1653; x_wconf 85' lang='lat' dir='ltr'><strong>difficile</strong></span> <span class='ocrx_word' id='word_1_95' title='bbox 257 1595 320 1655; x_wconf 88' lang='lat' dir='ltr'><strong>est.</strong></span> <span class='ocrx_word' id='word_1_96' title='bbox 351 1587 453 1667; x_wconf 81' lang='lat' dir='ltr'><strong>Quor</strong></span> <span class='ocrx_word' id='word_1_97' title='bbox 465 1596 576 1655; x_wconf 83' lang='lat' dir='ltr'><strong>eutem</strong></span> <span class='ocrx_word' id='word_1_98' title='bbox 590 1588 633 1651; x_wconf 81' lang='lat' dir='ltr'><strong>ud</strong></span> <span class='ocrx_word' id='word_1_99' title='bbox 647 1611 735 1652; x_wconf 80' lang='lat' dir='ltr'><strong>arum</strong></span> <span class='ocrx_word' id='word_1_100' title='bbox 750 1590 883 1660; x_wconf 68' lang='lat' dir='ltr'><strong>occisum</strong></span> <span class='ocrx_word' id='word_1_101' title='bbox 896 1591 949 1650; x_wconf 87' lang='lat' dir='ltr'><strong>est</strong></span> <span class='ocrx_word' id='word_1_102' title='bbox 962 1584 1188 1668; x_wconf 72' lang='lat' dir='ltr'><strong>Neoptolm.</strong></span> 
     </span>
     <span class='ocr_line' id='line_1_14' title="bbox 109 1684 1187 1771; baseline 0 -20"><span class='ocrx_word' id='word_1_103' title='bbox 109 1689 145 1751; x_wconf 91' lang='lat' dir='ltr'><strong>in</strong></span> <span class='ocrx_word' id='word_1_104' title='bbox 167 1689 356 1771; x_wconf 75' lang='lat' dir='ltr'><strong>religionem</strong></span> <span class='ocrx_word' id='word_1_105' title='bbox 379 1710 509 1755; x_wconf 85' lang='lat' dir='ltr'><strong>versum</strong></span> <span class='ocrx_word' id='word_1_106' title='bbox 529 1696 589 1769; x_wconf 87' lang='lat' dir='ltr'><strong>est,</strong></span> <span class='ocrx_word' id='word_1_107' title='bbox 613 1684 1187 1756; x_wconf 68' lang='lat' dir='ltr'><strong>uteveoisseidvideretmduen</strong></span> 
     </span>
     <span class='ocr_line' id='line_1_15' title="bbox 112 1784 1189 1875; baseline 0.001 -24"><span class='ocrx_word' id='word_1_108' title='bbox 112 1788 252 1853; x_wconf 78' lang='lat' dir='ltr'><strong>cendam</strong></span> <span class='ocrx_word' id='word_1_109' title='bbox 265 1790 391 1855; x_wconf 83' lang='lat' dir='ltr'><strong>Prinmi</strong></span> <span class='ocrx_word' id='word_1_110' title='bbox 403 1792 530 1857; x_wconf 74' lang='lat' dir='ltr'><strong>cedem</strong></span> <span class='ocrx_word' id='word_1_111' title='bbox 544 1811 567 1857; x_wconf 83' lang='lat' dir='ltr'><strong>e</strong></span> <span class='ocrx_word' id='word_1_112' title='bbox 582 1790 805 1875; x_wconf 79' lang='lat' dir='ltr'><strong>Neoptolemo</strong></span> <span class='ocrx_word' id='word_1_113' title='bbox 818 1795 892 1855; x_wconf 84' lang='lat' dir='ltr'><strong>ente</strong></span> <span class='ocrx_word' id='word_1_114' title='bbox 905 1807 998 1853; x_wconf 75' lang='lat' dir='ltr'><strong>mem</strong></span> <span class='ocrx_word' id='word_1_115' title='bbox 1011 1785 1111 1853; x_wconf 79' lang='lat' dir='ltr'><strong>loris</strong></span> <span class='ocrx_word' id='word_1_116' title='bbox 1122 1784 1189 1852; x_wconf 76' lang='lat' dir='ltr'><strong>ne·</strong></span> 
     </span>
     <span class='ocr_line' id='line_1_16' title="bbox 111 1888 726 1977; baseline 0.005 -27"><span class='ocrx_word' id='word_1_117' title='bbox 111 1888 162 1952; x_wconf 89' lang='lat' dir='ltr'><strong>cei</strong></span> <span class='ocrx_word' id='word_1_118' title='bbox 176 1888 308 1956; x_wconf 82' lang='lat' dir='ltr'><strong>sactum.</strong></span> <span class='ocrx_word' id='word_1_119' title='bbox 332 1890 580 1975; x_wconf 80' lang='lat' dir='ltr'><strong>Cf.&#39;1¹rypliiod·</strong></span> <span class='ocrx_word' id='word_1_120' title='bbox 594 1892 660 1958; x_wconf 83' lang='grc'><strong>638</strong></span> <span class='ocrx_word' id='word_1_121' title='bbox 674 1911 726 1977; x_wconf 86' lang='lat' dir='ltr'><strong>sq.</strong></span> 
     </span>
    </p>
   </div>
   <div class='ocr_carea' id='block_1_3' title="bbox 514 2212 791 2229">
    <p class='ocr_par' dir='ltr' id='par_1_3' title="bbox 514 2212 791 2229">
     <span class='ocr_line' id='line_1_17' title="bbox 514 2212 791 2229; baseline 0.014 -4"><span class='ocrx_word' id='word_1_122' title='bbox 514 2212 791 2229; x_wconf 58' lang='lat' dir='ltr'><strong>NJ·</strong></span> 
     </span>
    </p>
   </div>
   <div class='ocr_carea' id='block_1_4' title="bbox 383 2445 937 2526">
    <p class='ocr_par' dir='ltr' id='par_1_4' title="bbox 383 2445 937 2526">
     <span class='ocr_line' id='line_1_18' title="bbox 383 2445 937 2526; baseline -0.005 -1"><span class='ocrx_word' id='word_1_123' title='bbox 383 2447 759 2526; x_wconf 85' lang='lat' dir='ltr'>EXCURSUS</span> <span class='ocrx_word' id='word_1_124' title='bbox 815 2445 937 2522; x_wconf 80' lang='lat' dir='ltr'><strong>xlii.</strong></span> 
     </span>
    </p>
   </div>
   <div class='ocr_carea' id='block_1_5' title="bbox 213 2638 1109 2694">
    <p class='ocr_par' dir='ltr' id='par_1_5' title="bbox 213 2638 1109 2694">
     <span class='ocr_line' id='line_1_19' title="bbox 213 2638 1109 2694; baseline -0.002 0"><span class='ocrx_word' id='word_1_125' title='bbox 213 2645 264 2693; x_wconf 81' lang='lat' dir='ltr'><strong>DE</strong></span> <span class='ocrx_word' id='word_1_126' title='bbox 280 2641 523 2694; x_wconf 65' lang='lat' dir='ltr'><strong>ceetomone</strong></span> <span class='ocrx_word' id='word_1_127' title='bbox 539 2641 650 2692; x_wconf 72' lang='lat' dir='ltr'><strong>INTER</strong></span> <span class='ocrx_word' id='word_1_128' title='bbox 666 2638 845 2693; x_wconf 73' lang='lat' dir='ltr'><strong>ermom</strong></span> <span class='ocrx_word' id='word_1_129' title='bbox 859 2640 905 2691; x_wconf 75' lang='grc' dir='ltr'><strong>ΕΤ</strong></span> <span class='ocrx_word' id='word_1_130' title='bbox 919 2638 1109 2692; x_wconf 73' lang='lat' dir='ltr'><strong>nomnen.</strong></span> 
     </span>
    </p>
   </div>
   <div class='ocr_carea' id='block_1_6' title="bbox 108 2820 1211 4226">
    <p class='ocr_par' dir='ltr' id='par_1_6' title="bbox 108 2820 1211 4226">
     <span class='ocr_line' id='line_1_20' title="bbox 118 2820 1202 2899; baseline 0.005 -14"><span class='ocrx_word' id='word_1_131' title='bbox 118 2844 122 2852; x_wconf 93' lang='lat'>·</span> <span class='ocrx_word' id='word_1_132' title='bbox 155 2837 210 2899; x_wconf 85' lang='grc' dir='ltr'>ιιι,</span> <span class='ocrx_word' id='word_1_133' title='bbox 226 2823 409 2887; x_wconf 72' lang='grc' dir='ltr'><strong>δοῦ-505.</strong></span> <span class='ocrx_word' id='word_1_134' title='bbox 432 2820 570 2898; x_wconf 81' lang='lat' dir='ltr'><strong>AEneas,</strong></span> <span class='ocrx_word' id='word_1_135' title='bbox 594 2821 653 2885; x_wconf 89' lang='lat' dir='ltr'><strong>ubi</strong></span> <span class='ocrx_word' id='word_1_136' title='bbox 679 2822 713 2886; x_wconf 86' lang='lat' dir='ltr'><strong>in</strong></span> <span class='ocrx_word' id='word_1_137' title='bbox 736 2821 836 2889; x_wconf 72' lang='lat' dir='ltr'><strong>lota</strong></span> <span class='ocrx_word' id='word_1_138' title='bbox 856 2822 953 2887; x_wconf 78' lang='lat' dir='ltr'><strong>sedes</strong></span> <span class='ocrx_word' id='word_1_139' title='bbox 970 2829 1202 2889; x_wconf 69' lang='lat' dir='ltr'><strong>cernemus</strong></span> 
     </span>
     <span class='ocr_line' id='line_1_21' title="bbox 109 2922 1204 3011; baseline 0.001 -22"><span class='ocrx_word' id='word_1_140' title='bbox 109 2925 225 2990; x_wconf 84' lang='lat' dir='ltr'><strong>fuerit:</strong></span> <span class='ocrx_word' id='word_1_141' title='bbox 248 2922 462 3007; x_wconf 60' lang='lat' dir='ltr'><strong>‘cognatae&#39;</strong></span> <span class='ocrx_word' id='word_1_142' title='bbox 474 2922 589 3007; x_wconf 88' lang='lat' dir='ltr'><strong>inquit,</strong></span> <span class='ocrx_word' id='word_1_143' title='bbox 606 2926 727 2988; x_wconf 86' lang='lat' dir='ltr'><strong>‘nrbes</strong></span> <span class='ocrx_word' id='word_1_144' title='bbox 740 2924 830 3002; x_wconf 81' lang='lat' dir='ltr'><strong>eliu,</strong></span> <span class='ocrx_word' id='word_1_145' title='bbox 852 2926 1065 3011; x_wconf 86' lang='lat' dir='ltr'><strong>populosque</strong></span> <span class='ocrx_word' id='word_1_146' title='bbox 1080 2924 1204 3010; x_wconf 76' lang='lat' dir='ltr'><strong>propin·</strong></span> 
     </span>
     <span class='ocr_line' id='line_1_22' title="bbox 109 3022 1207 3111; baseline -0.003 -19"><span class='ocrx_word' id='word_1_147' title='bbox 109 3046 207 3111; x_wconf 71' lang='lat' dir='ltr'><strong>quos,</strong></span> <span class='ocrx_word' id='word_1_148' title='bbox 221 3022 337 3110; x_wconf 83' lang='lat' dir='ltr'><strong>Epiro,</strong></span> <span class='ocrx_word' id='word_1_149' title='bbox 348 3024 528 3109; x_wconf 84' lang='lat' dir='ltr'><strong>Hesperia,</strong></span> <span class='ocrx_word' id='word_1_150' title='bbox 551 3025 688 3110; x_wconf 78' lang='lat' dir='ltr'><strong>(quibus</strong></span> <span class='ocrx_word' id='word_1_151' title='bbox 702 3026 791 3090; x_wconf 81' lang='lat' dir='ltr'><strong>idem</strong></span> <span class='ocrx_word' id='word_1_152' title='bbox 807 3027 988 3090; x_wconf 80' lang='lat' dir='ltr'><strong>Dardanus</strong></span> <span class='ocrx_word' id='word_1_153' title='bbox 1001 3032 1132 3104; x_wconf 75' lang='lat' dir='ltr'><strong>unctor,</strong></span> <span class='ocrx_word' id='word_1_154' title='bbox 1152 3022 1207 3089; x_wconf 79' lang='lat' dir='ltr'><strong>Al·</strong></span> 
     </span>
     <span class='ocr_line' id='line_1_23' title="bbox 109 3125 1206 3212; baseline -0.001 -18"><span class='ocrx_word' id='word_1_155' title='bbox 109 3141 175 3212; x_wconf 86' lang='lat' dir='ltr'><strong>que</strong></span> <span class='ocrx_word' id='word_1_156' title='bbox 187 3128 276 3194; x_wconf 86' lang='lat' dir='ltr'><strong>idem</strong></span> <span class='ocrx_word' id='word_1_157' title='bbox 289 3125 406 3211; x_wconf 80' lang='lat' dir='ltr'><strong>casus)</strong></span> <span class='ocrx_word' id='word_1_158' title='bbox 419 3147 520 3191; x_wconf 80' lang='lat' dir='ltr'><strong>unum</strong></span> <span class='ocrx_word' id='word_1_159' title='bbox 534 3127 695 3192; x_wconf 80' lang='lat' dir='ltr'><strong>faciemus</strong></span> <span class='ocrx_word' id='word_1_160' title='bbox 710 3125 904 3210; x_wconf 67' lang='lat' dir='ltr'><strong>utramque?</strong></span> <span class='ocrx_word' id='word_1_161' title='bbox 947 3127 1125 3211; x_wconf 83' lang='lat' dir='ltr'><strong>Ingeniose</strong></span> <span class='ocrx_word' id='word_1_162' title='bbox 1139 3129 1206 3193; x_wconf 79' lang='lat' dir='ltr'><strong>heo</strong></span> 
     </span>
     <span class='ocr_line' id='line_1_24' title="bbox 109 3225 1208 3313; baseline -0.004 -18"><span class='ocrx_word' id='word_1_163' title='bbox 109 3229 209 3313; x_wconf 76' lang='lat' dir='ltr'><strong>polita</strong></span> <span class='ocrx_word' id='word_1_164' title='bbox 222 3250 242 3294; x_wconf 91' lang='lat' dir='ltr'><strong>e</strong></span> <span class='ocrx_word' id='word_1_165' title='bbox 256 3230 327 3295; x_wconf 76' lang='lat' dir='ltr'><strong>stris</strong></span> <span class='ocrx_word' id='word_1_166' title='bbox 341 3230 543 3311; x_wconf 79' lang='lat' dir='ltr'><strong>temporibus</strong></span> <span class='ocrx_word' id='word_1_167' title='bbox 555 3230 676 3295; x_wconf 86' lang='lat' dir='ltr'><strong>intulit.</strong></span> <span class='ocrx_word' id='word_1_168' title='bbox 721 3229 812 3293; x_wconf 84' lang='lat' dir='ltr'><strong>Nam</strong></span> <span class='ocrx_word' id='word_1_169' title='bbox 825 3227 869 3293; x_wconf 81' lang='lat' dir='ltr'><strong>nrl</strong></span> <span class='ocrx_word' id='word_1_170' title='bbox 888 3225 1055 3313; x_wconf 77' lang='lat' dir='ltr'><strong>Nicopolin</strong></span> <span class='ocrx_word' id='word_1_171' title='bbox 1077 3231 1124 3293; x_wconf 83' lang='lat' dir='ltr'><strong>eb</strong></span> <span class='ocrx_word' id='word_1_172' title='bbox 1144 3226 1208 3292; x_wconf 72' lang='lat' dir='ltr'><strong>An»</strong></span> 
     </span>
     <span class='ocr_line' id='line_1_25' title="bbox 109 3322 1211 3415; baseline -0.001 -23"><span class='ocrx_word' id='word_1_173' title='bbox 109 3335 204 3411; x_wconf 89' lang='lat' dir='ltr'><strong>gusto</strong></span> <span class='ocrx_word' id='word_1_174' title='bbox 220 3322 388 3394; x_wconf 74' lang='lat' dir='ltr'><strong>conffltem</strong></span> <span class='ocrx_word' id='word_1_175' title='bbox 399 3329 532 3412; x_wconf 85' lang='lat' dir='ltr'><strong>respici,</strong></span> <span class='ocrx_word' id='word_1_176' title='bbox 543 3331 685 3396; x_wconf 78' lang='lat' dir='ltr'><strong>dubitari</strong></span> <span class='ocrx_word' id='word_1_177' title='bbox 696 3332 820 3414; x_wconf 86' lang='lat' dir='ltr'><strong>nequit.</strong></span> <span class='ocrx_word' id='word_1_178' title='bbox 848 3330 1003 3395; x_wconf 87' lang='lat' dir='ltr'><strong>Servius:</strong></span> <span class='ocrx_word' id='word_1_179' title='bbox 1028 3328 1211 3415; x_wconf 70' lang='lat' dir='ltr'><strong>‘Cognata</strong></span> 
     </span>
     <span class='ocr_line' id='line_1_26' title="bbox 110 3428 1206 3515; baseline 0.004 -24"><span class='ocrx_word' id='word_1_180' title='bbox 110 3448 188 3492; x_wconf 83' lang='lat' dir='ltr'><strong>vero</strong></span> <span class='ocrx_word' id='word_1_181' title='bbox 214 3428 302 3491; x_wconf 76' lang='lat' dir='ltr'><strong>orbes</strong></span> <span class='ocrx_word' id='word_1_182' title='bbox 326 3428 463 3513; x_wconf 85' lang='lat' dir='ltr'><strong>quidem</strong></span> <span class='ocrx_word' id='word_1_183' title='bbox 488 3432 522 3493; x_wconf 92' lang='lat' dir='ltr'><strong>in</strong></span> <span class='ocrx_word' id='word_1_184' title='bbox 544 3433 700 3496; x_wconf 86' lang='lat' dir='ltr'><strong>honorem</strong></span> <span class='ocrx_word' id='word_1_185' title='bbox 722 3430 865 3514; x_wconf 81' lang='lat' dir='ltr'><strong>Augusti</strong></span> <span class='ocrx_word' id='word_1_186' title='bbox 880 3431 1005 3497; x_wconf 87' lang='lat' dir='ltr'><strong>dictum</strong></span> <span class='ocrx_word' id='word_1_187' title='bbox 1018 3432 1206 3515; x_wconf 62' lang='lat' dir='ltr'><strong>accipiunt</strong></span> 
     </span>
     <span class='ocr_line' id='line_1_27' title="bbox 109 3529 1206 3616; baseline 0.003 -23"><span class='ocrx_word' id='word_1_188' title='bbox 109 3531 139 3593; x_wconf 90' lang='lat' dir='ltr'><strong>is</strong></span> <span class='ocrx_word' id='word_1_189' title='bbox 162 3529 247 3592; x_wconf 86' lang='lat' dir='ltr'><strong>enim</strong></span> <span class='ocrx_word' id='word_1_190' title='bbox 272 3549 348 3593; x_wconf 90' lang='lat' dir='ltr'><strong>cum</strong></span> <span class='ocrx_word' id='word_1_191' title='bbox 373 3531 408 3593; x_wconf 91' lang='lat' dir='ltr'><strong>in</strong></span> <span class='ocrx_word' id='word_1_192' title='bbox 436 3529 537 3614; x_wconf 86' lang='lat' dir='ltr'><strong>Epiro</strong></span> <span class='ocrx_word' id='word_1_193' title='bbox 559 3531 742 3616; x_wconf 90' lang='lat' dir='ltr'><strong>Nicopolin</strong></span> <span class='ocrx_word' id='word_1_194' title='bbox 756 3533 922 3610; x_wconf 86' lang='lat' dir='ltr'><strong>conderet,</strong></span> <span class='ocrx_word' id='word_1_195' title='bbox 936 3532 1028 3596; x_wconf 85' lang='lat' dir='ltr'><strong>cavit</strong></span> <span class='ocrx_word' id='word_1_196' title='bbox 1041 3533 1076 3596; x_wconf 91' lang='lat' dir='ltr'><strong>in</strong></span> <span class='ocrx_word' id='word_1_197' title='bbox 1091 3532 1206 3598; x_wconf 77' lang='lat' dir='ltr'><strong>soedere</strong></span> 
     </span>
     <span class='ocr_line' id='line_1_28' title="bbox 108 3629 1207 3716; baseline 0.003 -21"><span class='ocrx_word' id='word_1_198' title='bbox 108 3629 254 3695; x_wconf 75' lang='lat' dir='ltr'><strong>civitatis</strong></span> <span class='ocrx_word' id='word_1_199' title='bbox 268 3631 386 3713; x_wconf 90' lang='lat' dir='ltr'><strong>ipsius,</strong></span> <span class='ocrx_word' id='word_1_200' title='bbox 400 3637 437 3696; x_wconf 90' lang='lat' dir='ltr'><strong>ut</strong></span> <span class='ocrx_word' id='word_1_201' title='bbox 451 3633 581 3716; x_wconf 85' lang='lat' dir='ltr'><strong>cognati</strong></span> <span class='ocrx_word' id='word_1_202' title='bbox 595 3635 844 3699; x_wconf 77' lang='lat' dir='ltr'><strong>observarentur</strong></span> <span class='ocrx_word' id='word_1_203' title='bbox 858 3653 880 3698; x_wconf 86' lang='lat' dir='ltr'><strong>e</strong></span> <span class='ocrx_word' id='word_1_204' title='bbox 894 3632 1080 3698; x_wconf 71' lang='lat' dir='ltr'><strong>Romanis:</strong></span> <span class='ocrx_word' id='word_1_205' title='bbox 1118 3633 1207 3698; x_wconf 77' lang='lat' dir='ltr'><strong>Certo</strong></span> 
     </span>
     <span class='ocr_line' id='line_1_29' title="bbox 108 3731 1203 3819; baseline 0.007 -25"><span class='ocrx_word' id='word_1_206' title='bbox 108 3731 238 3795; x_wconf 81' lang='lat' dir='ltr'><strong>liberam</strong></span> <span class='ocrx_word' id='word_1_207' title='bbox 253 3731 410 3795; x_wconf 79' lang='lat' dir='ltr'><strong>civitatem</strong></span> <span class='ocrx_word' id='word_1_208' title='bbox 425 3753 499 3798; x_wconf 88' lang='lat' dir='ltr'><strong>esse</strong></span> <span class='ocrx_word' id='word_1_209' title='bbox 516 3735 628 3818; x_wconf 87' lang='lat' dir='ltr'><strong>jussit,</strong></span> <span class='ocrx_word' id='word_1_210' title='bbox 642 3756 675 3799; x_wconf 90' lang='lat' dir='ltr'><strong>v.</strong></span> <span class='ocrx_word' id='word_1_211' title='bbox 691 3736 777 3800; x_wconf 90' lang='lat' dir='ltr'><strong>Plin.</strong></span> <span class='ocrx_word' id='word_1_212' title='bbox 794 3752 845 3815; x_wconf 86' lang='grc' dir='ltr'><strong>ιν,</strong></span> <span class='ocrx_word' id='word_1_213' title='bbox 859 3737 893 3813; x_wconf 79' lang='grc'><strong>3,</strong></span> <span class='ocrx_word' id='word_1_214' title='bbox 908 3736 1086 3819; x_wconf 73' lang='lat' dir='ltr'><strong>plerusque</strong></span> <span class='ocrx_word' id='word_1_215' title='bbox 1105 3734 1203 3802; x_wconf 78' lang='lat' dir='ltr'><strong>Acar·</strong></span> 
     </span>
     <span class='ocr_line' id='line_1_30' title="bbox 109 3833 1207 3902; baseline 0.001 -4"><span class='ocrx_word' id='word_1_216' title='bbox 109 3833 217 3898; x_wconf 84' lang='lat' dir='ltr'><strong>naniae</strong></span> <span class='ocrx_word' id='word_1_217' title='bbox 240 3835 338 3897; x_wconf 81' lang='lat' dir='ltr'><strong>urbes</strong></span> <span class='ocrx_word' id='word_1_218' title='bbox 361 3834 491 3898; x_wconf 83' lang='lat' dir='ltr'><strong>ineam</strong></span> <span class='ocrx_word' id='word_1_219' title='bbox 516 3839 680 3902; x_wconf 81' lang='lat' dir='ltr'><strong>contruxit</strong></span> <span class='ocrx_word' id='word_1_220' title='bbox 702 3838 803 3902; x_wconf 83' lang='lat' dir='ltr'><strong>antei</strong></span> <span class='ocrx_word' id='word_1_221' title='bbox 816 3840 997 3902; x_wconf 81' lang='lat' dir='ltr'><strong>accensuit.</strong></span> <span class='ocrx_word' id='word_1_222' title='bbox 1043 3837 1088 3900; x_wconf 93' lang='lat' dir='ltr'><strong>V.</strong></span> <span class='ocrx_word' id='word_1_223' title='bbox 1105 3837 1207 3902; x_wconf 74' lang='lat' dir='ltr'><strong>Str-nli·</strong></span> 
     </span>
     <span class='ocr_line' id='line_1_31' title="bbox 111 3937 1206 4022; baseline 0.004 -22"><span class='ocrx_word' id='word_1_224' title='bbox 111 3953 151 4014; x_wconf 90' lang='lat' dir='ltr'><strong>x,</strong></span> <span class='ocrx_word' id='word_1_225' title='bbox 174 3956 209 4020; x_wconf 91' lang='lat' dir='ltr'><strong>p.</strong></span> <span class='ocrx_word' id='word_1_226' title='bbox 231 3937 298 4000; x_wconf 83' lang='grc'><strong>450</strong></span> <span class='ocrx_word' id='word_1_227' title='bbox 318 3953 350 3999; x_wconf 89' lang='lat' dir='ltr'><strong>c.</strong></span> <span class='ocrx_word' id='word_1_228' title='bbox 375 3952 440 4013; x_wconf 87' lang='lat' dir='ltr'><strong>vn,</strong></span> <span class='ocrx_word' id='word_1_229' title='bbox 463 3957 496 4020; x_wconf 91' lang='lat' dir='ltr'><strong>p.</strong></span> <span class='ocrx_word' id='word_1_230' title='bbox 519 3938 585 4002; x_wconf 77' lang='lat'><strong>325</strong></span> <span class='ocrx_word' id='word_1_231' title='bbox 608 3957 643 4002; x_wconf 87' lang='lat' dir='ltr'><strong>n.</strong></span> <span class='ocrx_word' id='word_1_232' title='bbox 665 3937 767 4001; x_wconf 83' lang='lat' dir='ltr'><strong>Paus.</strong></span> <span class='ocrx_word' id='word_1_233' title='bbox 782 3959 816 4017; x_wconf 81' lang='lat' dir='ltr'><strong>v,</strong></span> <span class='ocrx_word' id='word_1_234' title='bbox 834 3940 888 4004; x_wconf 80' lang='lat'><strong>23.</strong></span> <span class='ocrx_word' id='word_1_235' title='bbox 904 3956 969 4015; x_wconf 89' lang='lat' dir='ltr'><strong>vn,</strong></span> <span class='ocrx_word' id='word_1_236' title='bbox 997 3938 1053 4015; x_wconf 83' lang='lat'><strong>18,</strong></span> <span class='ocrx_word' id='word_1_237' title='bbox 1080 3959 1115 4022; x_wconf 90' lang='lat' dir='ltr'><strong>p.</strong></span> <span class='ocrx_word' id='word_1_238' title='bbox 1140 3937 1206 4004; x_wconf 57' lang='grc' dir='ltr'><strong>δῶ·</strong></span> 
     </span>
     <span class='ocr_line' id='line_1_32' title="bbox 110 4037 1208 4123; baseline 0.004 -22"><span class='ocrx_word' id='word_1_239' title='bbox 110 4038 177 4102; x_wconf 83' lang='lat' dir='ltr'><strong>llio</strong></span> <span class='ocrx_word' id='word_1_240' title='bbox 202 4037 298 4104; x_wconf 75' lang='lat' dir='ltr'><strong>Cass</strong></span> <span class='ocrx_word' id='word_1_241' title='bbox 326 4054 361 4102; x_wconf 79' lang='lat' dir='ltr'><strong>nr</strong></span> <span class='ocrx_word' id='word_1_242' title='bbox 385 4059 434 4123; x_wconf 88' lang='lat' dir='ltr'><strong>pr.</strong></span> <span class='ocrx_word' id='word_1_243' title='bbox 457 4038 601 4104; x_wconf 91' lang='lat' dir='ltr'><strong>Omnino</strong></span> <span class='ocrx_word' id='word_1_244' title='bbox 623 4040 658 4101; x_wconf 89' lang='lat' dir='ltr'><strong>in</strong></span> <span class='ocrx_word' id='word_1_245' title='bbox 679 4040 732 4103; x_wconf 88' lang='lat' dir='ltr'><strong>his</strong></span> <span class='ocrx_word' id='word_1_246' title='bbox 754 4041 822 4104; x_wconf 88' lang='lat' dir='ltr'><strong>oris</strong></span> <span class='ocrx_word' id='word_1_247' title='bbox 843 4042 937 4105; x_wconf 89' lang='lat' dir='ltr'><strong>multi</strong></span> <span class='ocrx_word' id='word_1_248' title='bbox 959 4042 1051 4105; x_wconf 85' lang='lat' dir='ltr'><strong>cives</strong></span> <span class='ocrx_word' id='word_1_249' title='bbox 1067 4037 1208 4105; x_wconf 87' lang='lat' dir='ltr'><strong>Romenl</strong></span> 
     </span>
     <span class='ocr_line' id='line_1_33' title="bbox 109 4138 1209 4226; baseline 0.008 -25"><span class='ocrx_word' id='word_1_250' title='bbox 109 4138 259 4206; x_wconf 81' lang='lat' dir='ltr'><strong>videntur</strong></span> <span class='ocrx_word' id='word_1_251' title='bbox 299 4139 501 4220; x_wconf 85' lang='lat' dir='ltr'><strong>consedisse,</strong></span> <span class='ocrx_word' id='word_1_252' title='bbox 534 4141 755 4224; x_wconf 79' lang='lat' dir='ltr'><strong>navigationis</strong></span> <span class='ocrx_word' id='word_1_253' title='bbox 790 4150 823 4211; x_wconf 83' lang='lat' dir='ltr'><strong>et</strong></span> <span class='ocrx_word' id='word_1_254' title='bbox 860 4144 1066 4226; x_wconf 84' lang='lat' dir='ltr'><strong>negotiorum</strong></span> <span class='ocrx_word' id='word_1_255' title='bbox 1098 4162 1209 4210; x_wconf 67' lang='lat' dir='ltr'><strong>ceum·</strong></span> 
     </span>
    </p>
   </div>
   <div class='ocr_carea' id='block_1_7' title="bbox 0 0 1336 4686">
    <p class='ocr_par' dir='ltr' id='par_1_7' title="bbox 0 0 1336 4686">
     <span class='ocr_line' id='line_1_34' title="bbox 0 0 1336 4686; baseline 0 0"><span class='ocrx_word' id='word_1_256' title='bbox 0 0 1336 4686; x_wconf 95' lang='lat' dir='ltr'><strong> </strong></span> 
     </span>
    </p>
   </div>
  </div>
 </body>
</html>
