2664 4686
107 309 196 375 tata
508 320 708 371 excursus
729 320 813 370 vni.

108 466 573 560 quomodoaoeunoarooo
592 462 1199 550 mmmmm
1249 448 1255 457 ’

107 569 643 651 animumanimum
662 566 761 632 ltalia
779 565 1200 654 sedmocustanterasriq·

107 675 200 739 namt
222 678 383 745 vetustas,
407 670 633 748 Fescenninis,
659 668 813 746 Faliscis,
842 669 1034 752 ceterisque
1059 674 1203 737 munit

110 775 251 839 Etruriae
265 773 400 857 populis
417 773 535 838 ducem
553 772 633 836 (lare
651 772 812 836 mutuent.
855 768 1005 835 Videtur
1017 772 1205 857 oertepoitu

110 882 243 941 secutus
262 892 338 938 esse
360 874 499 958 aliquid,
523 872 615 958 quod
641 892 728 936 nunc
754 873 939 955 ignoratur:
974 892 1059 937 uam
1085 878 1206 939 exam

109 976 196 1043 hune
220 975 415 1060 Messapum
437 976 576 1060 ejusque
598 976 717 1058 copias
739 979 774 1038 et
792 973 955 1055 singulari
976 973 1048 1038 ritu
1071 974 1207 1052 illustri,-

111 1079 202 1163 quod
215 1098 292 1145 cum
304 1079 455 1161 rhythmo
469 1085 504 1142 et
518 1084 618 1142 cantu
631 1077 837 1141 incesserint.
881 1073 937 1138 an
954 1074 1084 1139 Servio
1101 1072 1207 1160 aliqui

111 1179 319 1243 tribueudtuu
333 1181 377 1243 sit
391 1179 519 1257 dubito,
534 1179 613 1243 dum
627 1179 693 1243 ait:
726 1178 809 1242 ‘Ab
827 1174 902 1241 hoc’
915 1172 1207 1261 <umora

111 1280 188 1343 nius
202 1280 286 1344 dicit
296 1300 333 1343 se
348 1282 504 1363 originem
518 1280 656 1346 ducere:
681 1280 770 1344 unde
782 1298 871 1342 nunc
884 1283 919 1342 ot
932 1284 1119 1343 cantantes
1132 1276 1208 1343 inlu

111 1383 159 1446 eit
172 1381 245 1464 ejus
259 1383 372 1445 socios
395 1387 430 1446 et
445 1402 505 1446 cos
528 1390 700 1465 comparat
714 1380 851 1466 cycnis!
893 1377 1078 1443 Incassum
1093 1380 1210 1464 quidm

44 1494 48 1501 '
112 1482 212 1547 talem
234 1501 309 1545 curn
332 1489 444 1560 cantu,
467 1488 501 1547 et
524 1484 691 1547 saltationi
717 1500 903 1546 numerosae
926 1481 1092 1560 similem,
1117 1480 1211 1545 mui‘u

113 1574 266 1649 habuis
279 1586 435 1649 usitatam
448 1585 553 1650 fuisse
566 1587 649 1649 satis
664 1590 806 1649 constat:
830 1582 873 1647 cf.
882 1582 997 1646 Cerda
1010 1581 1057 1647 ad
1072 1583 1107 1647 h.
1121 1583 1144 1647 l.
1168 1578 1211 1646 Al

116 1686 395 1750 Fesoerminornm
410 1689 591 1751 carminum
605 1689 771 1751 licentiam
794 1692 828 1749 ct
845 1686 947 1769 jocos
960 1704 1046 1750 vero
1063 1686 1212 1769 κυρίων
1253 1714 1255 1745 ÷

114 1785 329 1869 poetamnou
343 1788 453 1851 credo.
497 1787 599 1865 Quod
626 1786 775 1871 Neptuni
797 1785 902 1848 tilium
914 1785 1001 1849 iacit
1029 1784 1213 1869 atempt-

114 1880 390 1968 Virgilins,'recte
414 1906 458 1950 ex
471 1894 581 1950 vetere
600 1907 691 1950 more
715 1884 872 1969 loquendi
895 1886 1052 1969 explicat
1072 1886 1214 1950 Serta:

115 1996 127 2039 f
144 1988 215 2053 Hie
239 1986 417 2070 Messapus
439 2008 498 2072 per
520 2008 612 2053 mare
635 1988 678 2052 ad
697 1988 830 2051 ltaliam
842 1988 948 2051 veuit:
970 1988 1064 2050 tunde
1079 1985 1214 2071 Nepam

115 2091 225 2155 dictus
238 2089 413 2157 estillius!
458 2091 513 2155 lta
533 2092 620 2154 enim
644 2091 740 2153 multi
763 2089 892 2173 passim
913 2086 1070 2171 Neptuni
1093 2096 1152 2153 ant
1167 2084 1216 2151 lilii

117 2198 177 2255 aut
190 2195 308 2258 amasii
322 2193 480 2277 appellati
491 2192 601 2270 luere,
623 2193 778 2275 quoniam
801 2190 886 2253 mari
907 2188 1130 2255 advenerautz
1150 2204 1216 2253 ne.

118 2290 246 2377 Pelops
270 2294 361 2377 apud
382 2292 561 2357 Pindarum
577 2290 632 2356 01.
649 2308 674 2354 r.
719 2289 817 2353 Unde
841 2295 950 2352 autem
965 2290 1000 2353 in
1014 2294 1160 2353 mentem
1171 2308 1217 2354 re·

118 2396 204 2458 uerit
228 2394 351 2476 poete,
376 2399 412 2457 nt
435 2395 523 2458 hunc
550 2393 747 2474 Messapum
773 2390 968 2454 indomitum
992 2393 1065 2474 igni
1090 2397 1125 2456 et
1146 2391 1218 2456 tero

118 2495 253 2573 faceret,
277 2497 324 2560 ita
347 2496 415 2559 fere
439 2498 573 2578 assequi
595 2496 677 2558 mihi
699 2493 824 2573 videor,
846 2491 936 2575 quod
958 2494 1042 2556 iuter
1060 2512 1132 2571 eos,
1146 2510 1219 2576 quot

118 2593 221 2671 ducit,
248 2593 397 2658 Soractis
422 2599 545 2658 montis
567 2595 695 2658 accolae
721 2598 810 2668 sunt,
835 2592 939 2674 Hirpi
952 2593 1003 2657 illi
1015 2612 1081 2657 suo
1102 2592 1220 2658 nomine

117 2694 209 2769 dicti,
241 2695 299 2776 qui
327 2693 492 2757 sacrificio
520 2713 640 2770 annuo,
668 2693 759 2777 quod
788 2692 934 2755 adeum
958 2698 1109 2758 montem
1133 2692 1222 2755 fiebat

118 2789 283 2875 Apollini,
321 2798 449 2877 ‘super
473 2795 660 2858 ambustam
682 2795 763 2877 ligni
785 2798 907 2857 struem
933 2795 1143 2860 ambulantes
1165 2810 1222 2857 nou

119 2893 360 2959 adurebautur.'
404 2892 493 2959 Plin.
510 2896 684 2971 v11,2.cf.
702 2896 779 2958 AEn.
796 2893 932 2971 xes&
947 2913 1023 2978 sqq.
1134 2910 1138 2915 ·

165 3011 200 3059 v.
214 2995 399 3061 roo-717.
422 2995 537 3059 ‘Ecce
557 2995 755 3059 Sabinorum
776 2996 889 3076 prisco
903 2993 947 3057 de
961 2999 1126 3079 sanguiue
1143 3012 1223 3076 mug-

118 3116 199 3162 num
214 3095 344 3181 Agmen
368 3116 468 3179 agens
484 3093 753 3160 Clausus—Una
773 3096 890 3174 ingens
910 3091 1086 3160 Amiterna
1108 3090 1223 3161 eohort'

119 3206 182 3263 etc.
230 3199 330 3262 Fines
345 3200 416 3280 agri
439 3198 554 3261 Sabini
578 3195 681 3280 poeta
703 3196 806 3278 paulo
830 3195 931 3260 latius
949 3199 1222 3280 comtituitquan

121 3300 166 3363 ad
183 3292 388 3381 sequentium
403 3303 538 3361 aetatum
549 3299 705 3373 rationes,
728 3316 812 3379 quas
823 3295 945 3360 Strabo
958 3301 992 3359 et
1015 3296 1148 3362 Plinius
1160 3302 1223 3361 autc

121 3399 241 3461 oeulos
268 3398 461 3460 habuerunt.
514 3398 639 3463 Saltem
663 3399 752 3462 latus
775 3398 1033 3480 septentrionale
1058 3418 1166 3484 usque
1187 3392 1222 3460 ul

125 3505 268 3561 montem
295 3496 476 3561 Fiscellum
501 3501 662 3578 extendit,
677 3502 740 3565 sub
755 3518 852 3583 quem
876 3498 1005 3563 Nursia
1029 3500 1221 3582 posinunt

124 3603 158 3660 et
185 3597 230 3660 ab
259 3599 431 3663 occidente
457 3599 612 3679 Hortam,
634 3603 721 3667 ultra
748 3601 874 3666 Narem
899 3599 1015 3663 Tiberi
1043 3602 1222 3672 immam,

125 3706 295 3763 memorat.
318 3699 529 3781 Amiternum,
545 3705 690 3787 quinque
703 3704 832 3767 circiter
844 3701 950 3765 millia
964 3702 1011 3766 ab
1026 3698 1152 3786 Aquilo
1165 3716 1221 3765 ru·

128 3818 187 3865 sus
212 3798 327 3865 Aterni
352 3800 474 3865 sontem
501 3805 536 3867 in
560 3807 637 3869 loco
659 3807 770 3882 mlum,
796 3804 855 3888 qui
883 3800 918 3864 S.
952 3799 1116 3866 Vitioriao
1142 3800 1222 3881 ruht

127 3900 324 3985 appellatur,
333 3918 401 3964 uon
414 3901 602 3986 infrequens
615 3906 728 3987 prisea
739 3910 839 3969 etate
849 3904 1010 3988 oppidum
1024 3918 1103 3970 esse
1116 3898 1223 3972 dotat

127 4004 157 4065 si
186 4001 320 4086 quidem
341 3999 442 4086 poeta
465 4004 606 4088 ‘iugens
632 4004 806 4072 Amiterna
831 4004 959 4069 cohors’
984 4005 1097 4072 dicate
1119 4000 1223 4092 patuli·

132 4096 238 4164 Prisci
265 4099 405 4169 thirt'ter
428 4112 585 4188 respectu
610 4104 850 4184 Romanorum,
869 4105 931 4190 qui
952 4113 989 4172 et
1010 4108 1081 4191 ipsi
1096 4104 1225 4188 ΟΜ
