2664 4686
420 324 470 373 nn
492 322 664 373 unuruos
686 322 761 373 nm.
785 324 835 372 ιν.
1091 306 1178 371 4179

73 474 172 539 sonis
184 470 352 537 amoribus
366 471 493 553 egregie
504 474 665 535 uacasse
674 466 779 533 rideri
789 467 897 533 debet.
942 465 1177 551 SeriVirgilius

75 588 112 644 et
125 577 220 641 illum
233 580 268 640 ot
280 574 390 658 ipsum
406 571 588 639 Homerum
602 573 697 655 longe
721 575 797 655 post
820 590 856 634 so
878 569 1054 654 reliquisse
1067 571 1178 637 dieen-

75 672 165 757 ‹ius;
203 674 295 759 quoti
316 674 459 759 quidem,
486 676 516 738 si
542 681 631 739 recte
655 674 785 758 judico,
811 672 940 736 duobus
966 673 1178 755 potissimum

75 778 189 847 modis
202 782 449 853 uaecumsesl,
464 777 586 859 parlim
611 774 694 861 qaod
717 772 917 857 Tragicoram
939 773 1128 859 gravitatem
1149 786 1179 839 et

75 880 195 945 amoris
209 877 403 943 atrocitatem
417 879 513 961 sequi,
539 879 661 960 partim
675 875 758 962 quod
772 874 812 937 ab
828 873 942 938 heroici
956 876 1049 938 moris
1061 876 1180 961 simpli-

75 983 174 1048 citate
194 979 238 1043 ad
258 976 496 1043 elaboratiorcm
518 1000 554 1041 ac
579 976 736 1041 cultiorem
759 978 856 1040 ailam
878 975 1033 1060 deflectere
1053 976 1179 1060 maluit,

74 1104 148 1171 qna
173 1083 305 1149 decoris
332 1088 367 1147 at
393 1082 574 1147 honestatis
596 1081 737 1166 alicujus
764 1081 990 1165 exquisitioris
1015 1081 1181 1168 famaque

74 1185 210 1251 laudun
222 1184 429 1269 propositam
443 1182 507 1245 sibi
522 1182 641 1245 habent
653 1181 811 1247 foeminae.
867 1181 909 1243 In
922 1187 990 1246 toto
1003 1185 1091 1247 euim
1106 1183 1181 1250 Ho-

77 1306 173 1353 mero
195 1292 296 1351 etex
322 1282 493 1347 Homerici
509 1285 667 1367 temporis
692 1302 791 1348 sensu
805 1302 897 1346 amor
910 1284 1181 1368 parumidoneus

75 1389 189 1455 estad
204 1389 322 1473 pathos
335 1384 546 1450 inferendum.
1048 1432 1054 1443 .

77 1518 85 1527 ·
121 1488 214 1569 Qua
227 1508 251 1551 a
262 1487 361 1552 nobis
375 1491 631 1551 commemorata
644 1487 675 1550 si
691 1488 766 1572 quis
781 1487 891 1553 animo
907 1488 1103 1567 consideret,
1127 1508 1180 1559 uae

74 1594 123 1669 ls,
139 1596 235 1676 puto,
250 1588 406 1671 Segraesii
421 1587 626 1671 aliorumque
638 1589 784 1653 rationes
798 1590 841 1654 ad
857 1589 1003 1674 poetam,
1022 1596 1181 1676 tanquam

77 1694 140 1781 qui
162 1698 314 1774 tempora
338 1687 520 1753 confuderit
543 1689 759 1774 turbaritqua,
785 1691 1025 1756 defendendum
1051 1693 1206 1774 ossatas„

76 1812 189 1861 vanas
213 1792 281 1857 iera
305 1795 364 1855 aut
386 1788 544 1868 infirmas,
558 1809 624 1854 non
637 1810 836 1875 magnopere
856 1793 1068 1859 desiderabit.
1113 1790 1182 1859 De-
1283 1778 1287 1783 ’

76 1893 272 1961 lactationis
292 1908 373 1955 sana
392 1890 503 1974 potior
515 1890 667 1955 habenda
680 1898 731 1956 est
744 1892 855 1975 po‘e'tae
867 1896 953 1959 ratio
966 1913 1069 1979 quarn
1081 1894 1184 1961 ilisto-

77 1997 164 2063 ricae
177 1994 347 2072 veritatin
368 1996 412 2068 et,
426 1991 456 2054 si
470 1989 628 2055 doctrinae
642 1993 714 2056 laus
728 1994 863 2075 poetam
877 1994 984 2073 docet,
993 2016 1060 2061 non
1074 2001 1184 2061 tamen

78 2098 143 2163 illa
166 2114 211 2160 ex
232 2100 414 2177 temporum
442 2091 554 2156 subtili
578 2092 707 2156 ratione
735 2102 786 2157 est
814 2096 1034 2178 expectanda,
1060 2116 1121 2161 nec
1148 2098 1184 2161 in

78 2194 188 2285 potita
209 2194 313 2260 ullum
334 2196 509 2277 peccatum
531 2191 632 2257 habet
652 2194 948 2277 reprehensionem,
968 2198 1032 2259 nisi
1054 2199 1185 2279 quoties

79 2296 285 2365 audientium
298 2295 427 2359 animos
439 2310 500 2356 seu
514 2312 621 2356 rerum
644 2313 705 2357 seu
725 2312 930 2359 numerorum
950 2297 1116 2361 illecebris
1136 2306 1185 2363 te·

78 2402 160 2465 llere
171 2396 318 2481 nequiit:
349 2394 415 2458 hoc
436 2411 538 2456 unum
551 2398 613 2471 est,
637 2411 704 2477 quo
719 2392 879 2458 adversas
891 2398 1093 2480 prescripta
1105 2400 1185 2463 artis

80 2518 158 2567 snas
171 2516 331 2583 peccasse
345 2496 450 2561 videri
464 2494 584 2573 debet;
617 2494 661 2558 ad
686 2494 754 2558 hoc·
773 2495 860 2558 euim
883 2496 1017 2562 redeunt
1041 2518 1094 2577 ea,
1108 2518 1185 2584 quae

38 2632 51 2684 a
80 2598 283 2668 mutatores
312 2596 355 2661 de
379 2595 522 2660 Poetica
547 2594 695 2679 disputat
721 2614 753 2660 c.
777 2596 823 2659 ᾖ
853 2596 1084 2681 distinguendo
1104 2601 1187 2665 inter

81 2702 242 2791 ι’μητῖας,
254 2706 305 2781 ria
317 2704 369 2784 pia
383 2700 444 2763 zai
460 2701 557 2777 uilia,
569 2702 618 2777 τὴν
632 2698 660 2762 ii
675 2700 800 2763 κατὰτὸ
814 2700 1004 2781 συμβεβηκός.
1105 2742 1109 2753 -

80 2830 87 2843 ·
126 2806 167 2872 Si
182 2811 294 2870 nmen
305 2806 340 2868 in
352 2805 445 2887 ipsas
457 2798 666 2883 Carthaginis
680 2801 822 2885 origines
836 2805 1013 2889 variasque
1031 2826 1129 2890 super
1141 2806 1186 2870 iis

84 2914 233 2973 vatem
261 2906 465 2969 narrationes
497 2906 684 2967 accuratius
721 2905 883 2988 inquirere
911 2908 1092 2971 voluissent
1121 2910 1186 2973 riri

83 3010 188 3087 docti,
203 3013 310 3075 toturn
323 3007 388 3071 hoc
402 3005 512 3089 poetae
535 3010 712 3089 peccatum
735 3011 768 3068 et
791 3005 1000 3069 accusatione
1023 3014 1056 3071 et
1077 3009 1188 3073 delen·

84 3111 179 3175 sioue
202 3124 326 3171 vacare
348 3107 543 3188 omninoque
568 3122 642 3167 asse
666 3104 792 3167 nullum
813 3102 912 3167 facile
935 3104 1186 3174 intellexissent.

83 3212 172 3279 Tan
184 3210 316 3275 diverso
328 3209 417 3274 enim
440 3208 481 3271 de
504 3206 638 3270 condita
660 3203 854 3288 Carthagine
876 3206 1013 3271 traditur
1024 3214 1059 3272 et
1072 3210 1108 3272 in
1121 3214 1188 3275 tau'r

85 3311 222 3376 diversa
233 3317 385 3392 tempora
396 3309 469 3391 ejus
483 3306 682 3371 incunabula
701 3307 901 3391 rejiciuntur,
915 3314 953 3373 ut
964 3309 1017 3372 vel
1030 3308 1189 3377 historico

84 3413 198 3477 miuus
219 3410 336 3477 subtili
356 3410 494 3475 liberum
514 3408 632 3473 fuisset
656 3409 785 3492 eligere,
809 3410 900 3494 quod
923 3412 1071 3475 maxime
1094 3416 1188 3498 sequi

86 3514 199 3579 vellet.
257 3509 457 3594 Quanquam
472 3530 514 3574 ea
525 3511 722 3577 narrationis
736 3511 881 3575 varietas
899 3512 998 3577 facila
1011 3513 1055 3577 ad
1068 3520 1191 3579 cenam

88 3615 247 3681 numen
259 3613 404 3677 revocari
418 3618 540 3698 potest,
556 3613 585 3675 si
600 3610 782 3675 memineris
797 3612 894 3676 condi
912 3614 1012 3678 rubes
1034 3612 1103 3678 dici
1124 3635 1191 3679 nou

90 3732 158 3781 uuo
184 3732 299 3791 sensu,
321 3734 384 3778 nec
412 3712 514 3778 modo
542 3712 657 3796 primis
682 3713 786 3795 jactis
814 3713 1045 3793 fundamentis,
1077 3716 1136 3780 sed
1157 3720 1191 3779 et

91 3816 257 3883 nameus
279 3815 400 3893 ductis,
423 3815 553 3880 colmria
575 3833 665 3879 nova
689 3815 846 3898 ascripta,
872 3824 971 3880 ancta
996 3817 1137 3899 deniqne
1157 3822 1191 3881 et

10 3958 12 4009 2
94 3916 296 4001 amplificata
321 3936 528 4001 quocumque
549 3916 649 3982 modo
673 3917 820 3981 civitate.
873 3915 980 3983 Certis
993 3917 1093 3981 etiam
1108 3924 1189 3979 tern-
1271 3932 1274 3937 ·

10 4028 14 4045 ²
96 4026 212 4095 porum
227 4016 408 4083 intervallis
419 4037 442 4081 a
455 4018 673 4084 Plroenicibus
687 4013 837 4083 Africam
857 4023 1064 4100 occupatam,
1080 4035 1101 4079 a
1115 4015 1190 4078 Sal-

10 4160 13 4167 ·
99 4112 340 4203 lusooquaque
353 4119 532 4205 proditum,
547 4119 634 4183 bello
648 4118 790 4202 lug-22.
832 4120 966 4203 Saepius
981 4120 1088 4200 itaque
1102 4116 1190 4209 isauri
