2664 4686
450 300 506 355 an.
523 300 696 361 assinos
710 302 798 363 ιιι.
822 304 847 353 r.
1100 292 1195 369 2⁴th

84 428 351 525 πιπίζππιπίπο
373 454 592 529 murraque
615 463 715 525 saxa,
732 450 856 541 ,W
882 449 1053 531 soopulos,
1071 436 1194 521 ‘meme

87 547 130 611 ιἰι
155 547 238 611 arari
267 566 341 609 arur
369 550 503 625 uocant,
536 544 824 629 quemadmodum
837 566 899 611 uro
925 567 1056 625 omnem
1085 554 1193 637 crepi-

86 646 203 713 :dinun
223 654 258 713 et
284 647 493 715 eminentiam
528 647 629 711 reteri
654 666 803 727 sermone
829 646 1035 731 designabat.
1079 652 1192 723 Notus

80 748 188 815 locus
215 749 341 832 Scalig.
376 747 506 815 duson.
539 747 634 819 lact.
672 764 714 827 rt,
749 748 806 815 22.
860 747 910 815 At
938 753 991 815 sic
1017 751 1192 835 frigidissi-

81 853 379 918 mossetcratio.
421 849 492 917 Aut
510 850 553 915 do
576 856 666 917 certo
690 851 805 936 aliquo
830 851 905 917 loco
928 852 1046 934 agitur.
1090 855 1193 924 Erant

80 960 202 1025 autem
215 973 260 1018 ex
272 953 414 1022 adrmso
427 950 647 1035 Carthaginis,
661 966 795 1019 ccxxx
811 953 856 1017 ab
868 953 949 1017 urbe
962 952 1092 1035 stadiis,
1107 955 1191 1025 inter
1299 1027 1306 1041 ,

78 1051 259 1136 -Apouinis
281 1060 317 1119 et
340 1053 497 1119 Mercurii
519 1038 744 1136 promontoria
762 1052 822 1139 (cf.
844 1052 903 1117 ini.
927 1052 1015 1119 Exc.
1040 1072 1077 1119 v1
1097 1056 1141 1123 ad
1155 1078 1190 1125 v.

87 1150 172 1237 lat)
192 1154 269 1220 dure
284 1155 400 1219 insuloe
414 1172 474 1217 seu
486 1154 596 1218 verius
615 1154 756 1237 scopuli,
780 1155 907 1238 saepius
926 1165 987 1238 pro
1000 1176 1067 1223 uua
1079 1157 1192 1225 insula

78 1252 204 1332 amitt,
231 1272 321 1319 nuuc
349 1251 442 1319 diris
470 1253 714 1334 Zoara-moure,
745 1256 781 1319 in
809 1256 1040 1340 geographicis
1067 1258 1190 1325 tabulis

78 1352 238 1433 aZirubru,
249 1356 369 1442 vitiose
383 1356 418 1421 in
432 1354 573 1421 Gallicis
585 1355 691 1434 libris,
712 1356 761 1421 les
775 1355 859 1421 Isles
873 1356 933 1421 des
946 1356 1072 1439 hubas,
1085 1358 1187 1439 dicta,

74 1452 146 1539 (de
158 1476 229 1541 qna
240 1477 275 1523 v.
290 1457 389 1525 Sbaw
401 1457 541 1523 mareis
555 1479 591 1542 p.
607 1455 688 1542 146)
703 1458 783 1523 olim
805 1458 998 1539 AEgimorus
1018 1459 1073 1523 rel
1094 1461 1189 1545 AEgi·

74 1576 200 1625 murus
212 1560 334 1625 insula.
378 1558 467 1626 Plin.
484 1576 519 1638 ν,
536 1561 563 1625 7-
581 1557 726 1625 ‘Contra
747 1557 957 1642 Carthaginis
979 1562 1090 1625 sinum
1112 1562 1188 1629 dure

74 1657 253 1741 »AEgimnrr'
274 1660 368 1743 Arre,
383 1660 516 1744 scopuli
531 1661 642 1725 verius
656 1680 758 1745 quam
776 1660 907 1740 insulae,
931 1663 1016 1726 iuter
1038 1661 1188 1731 Siciliam

75 1760 232 1831 maximo
245 1762 488 1835 etssardiuiam’
507 1760 692 1848 (Compara
706 1763 782 1829 inv.
792 1780 893 1841 xxii,
907 1760 979 1847 24).
1003 1761 1188 1830 ‘aucam

74 1865 170 1943 m,
183 1866 229 1927 -et
252 1862 314 1927 bas
337 1863 507 1946 quondam
530 1865 695 1931 habitatus
717 1864 908 1930 subsedisse
917 1864 937 1945 ;’
957 1871 994 1929 ut
1016 1864 1103 1931 adeo
1122 1866 1186 1931 sub

82 1961 167 2027 mari
180 1961 319 2035 laterent
340 1963 634 2049 (⁴sanamolignis
647 1967 819 2030 submersa
832 1964 939 2031 vadis’
960 1965 1086 2031 Statius
1097 1966 1187 2033 dice·

72 2066 159 2129 seli
182 2062 290 2129 'l'lrela
313 2062 407 2149 873).
430 2130 433 2135 ,
450 2064 561 2131 Varro
583 2086 640 2150 ap.
663 2067 758 2133 Serv.
782 2068 826 2131 ad
850 2069 883 2132 h.
908 2068 931 2132 l.
955 2072 1129 2133 ‘verentur
1150 2068 1186 2131 in

73 2163 204 2249 :pelago
215 2166 374 2231 latentem
387 2166 540 2243 insulam,
565 2187 664 2252 quem
687 2168 799 2233 locum
822 2173 945 2232 vocant
966 2167 1075 2233 Aras!
1117 2168 1186 2233 Eas

73 2258 261 2348 -Ncptarrr‘nr
273 2265 378 2331 fuisso
391 2271 531 2333 vocatas
544 2265 635 2331 idem
655 2266 793 2331 Servius
807 2286 827 2329 e
841 2265 983 2331 Claudio
999 2265 1185 2351 Quadriga·

73 2363 135 2429 -rio
147 2365 256 2444 docet,
267 2371 304 2432 at
316 2365 456 2433 Sisenna
466 2365 623 2451 propitior
640 2366 877 2451 appellaverat.
919 2366 942 2431 J
945 2385 1001 2432 am
1016 2366 1092 2431 Am
1105 2388 1186 2455 pos-

82 2470 162 2530 sunt
173 2466 275 2531 dictre
289 2465 407 2545 videri,
420 2469 499 2550 quia
512 2466 643 2550 scopuli
652 2472 729 2530 sunt
741 2486 841 2550 super
854 2486 985 2551 aquam·
994 2469 1183 2535 eminentes.

73 2562 289 2635 AtSer-rins:
311 2568 477 2651 ‘quodibi
488 2565 563 2633 Afri
576 2573 610 2631 et
624 2566 768 2633 Romani
782 2567 895 2632 foedus
908 2569 1050 2633 inierunt
1057 2573 1091 2633 et
1101 2570 1183 2633 lines

81 2667 288 2750 impertiant
313 2669 384 2733 illic
405 2688 480 2733 esse
507 2666 700 2733 voluerunt!
743 2667 901 2733 Inducias
922 2669 1059 2752 quidem
1086 2670 1122 2735 in
1142 2688 1184 2735 oa

81 2768 193 2835 insula
218 2776 334 2854 ruptas
360 2771 423 2835 sub
452 2770 550 2835 linem
570 2771 649 2835 belli
671 2770 790 2835 Punici
810 2771 948 2835 secundi
970 2771 1088 2837 Livius
1109 2773 1134 2838 l.
1159 2775 1182 2839 l.

75 2878 261 2952 ÷memorat3
282 2892 347 2937 uon
360 2892 480 2956 pacem
493 2873 541 2939 ibi
555 2871 690 2937 factam.
733 2871 778 2935 at
790 2871 873 2936 fines
887 2875 1017 2957 imperii
1038 2875 1072 2938 in
1085 2875 1182 2958 pacis

73 2971 328 3039 -conditienibns
343 2974 433 3061 apud
453 2975 573 3058 Polyb.
597 2991 654 3051 111,
669 2975 714 3040 22
735 2993 811 3058 sqq.
825 2976 919 3039 alitcr
934 2977 1181 3039 constituuntur.

82 3072 161 3151 Sed,
185 3074 245 3157 qui
270 3076 369 3139 istum
392 3075 558 3140 Serviauis
586 3075 694 3138 assuit
717 3094 872 3156 pannum,
896 3072 1023 3156 AEgcies
1045 3073 1182 3152 insulas,

83 3173 237 3258 lilybaeo
252 3176 380 3242 Sicilire
395 3178 583 3259 oppositas,
603 3175 647 3238 ad
661 3193 746 3258 quas
761 3175 841 3238 victi
855 3193 878 3236 a
900 3171 940 3235 G.
967 3171 1102 3238 Lutatio
1117 3171 1182 3239 Ca·

83 3276 150 3342 tulo
166 3277 267 3342 Poeui
279 3278 368 3343 bello
382 3277 510 3341 Punico
524 3279 632 3361 primo
645 3276 742 3339 finem
755 3274 912 3350 fecerunt,
936 3294 1010 3337 cum
1033 3274 1183 3356 AEgimu·

82 3396 119 3441 ro
132 3378 294 3443 confindit.
339 3377 443 3457 Quod
465 3382 502 3443 et
522 3398 545 3442 a
570 3378 755 3460 Pomponio
780 3375 904 3441 Sabino
926 3373 1049 3439 sactum
1072 3375 1181 3440 videa.

82 3476 161 3543 Alia
173 3479 299 3543 lacinia
310 3480 345 3543 in
359 3480 526 3545 Serviauls
540 3479 645 3558 docet,
659 3479 693 3541 in
706 3477 759 3541 bis
774 3479 879 3554 saxis,
892 3497 968 3560 quae
978 3477 1094 3541 msulae
1104 3478 1183 3563 subg

83 3599 200 3646 mcrsae
214 3581 296 3645 olim
308 3583 459 3666 reliquiae
474 3585 593 3659 esseut,
614 3579 793 3645 Poenorum
807 3578 995 3644 sacerdotes
1010 3597 1079 3641 rem
1098 3579 1182 3642 divi·

75 3696 158 3745 pam
169 3681 280 3747 iacere
291 3685 417 3749 solitos.

126 3786 302 3852 Hactenus
328 3786 370 3849 de
399 3788 492 3853 vocis
520 3787 595 3851 Am
621 3787 905 3869 interpretatione:
927 3805 1013 3849 nuuc
1042 3784 1084 3847 dc
1112 3786 1181 3845 toto

77 3906 193 3966 uersu,
218 3908 319 3972 quem
343 3891 449 3953 solent
471 3889 605 3954 laudare
627 3888 716 3953 docti
739 3889 813 3965 viri,
840 3894 996 3971 tanquam
1010 3883 1180 3958 doctrinm,

81 4006 160 4070 quta
173 3991 209 4054 in
222 3988 327 4073 podia
335 3988 409 4067 fuit,
423 4000 660 4073 argumentum.
704 3987 812 4054 Recte
832 3988 976 4072 quidem.
1021 3982 1088 4047 sed
1104 3980 1182 4064 quis

81 4090 217 4170 μύωπι
230 4091 316 4157 ferat
338 4094 374 4156 in
391 4092 503 4159 medio
515 4112 622 4177 rernm
635 4098 731 4170 aestu,
757 4110 834 4157 cum
857 4088 967 4155 omma
990 4089 1182 4166 tempestate

150 4223 238 4287 nup.
247 4228 272 4273 a
287 4224 343 4274 var.
356 4225 422 4274 cra.
615 4224 684 4285 vag.
1042 4218 1071 4264 11
1088 4215 1115 4265 Χ
