2664 4686
110 242 237 373 ml.
516 320 717 372 excussus
734 293 816 371 iri*
870 346 878 357 ·

111 464 623 531 deummfuisseadummaum.
667 463 743 528 Nee
766 463 1215 535 mirumadeoinrhetoricis

111 567 244 648 scriptis
256 564 338 626 nihil
352 566 459 627 tritius
471 584 547 627 esse
570 564 762 628 Palamedis
775 566 972 647 integritate,
994 568 1126 652 injusta
1134 589 1214 649 nece,

110 674 145 733 et
158 666 293 749 ulyssis
314 664 448 729 frande:
485 687 518 730 r.
540 666 691 730 alliun.
710 665 828 751 Chrys.
850 665 911 733 01.
927 684 1021 747 1111,
1037 691 1074 754 p.
1089 671 1211 737 sassa
1252 678 1254 685 '

112 768 233 834 Reisk.
249 767 308 832 Or.
325 784 407 845 htx,
422 790 457 851 p.
471 769 547 833 360.
590 768 872 852 luvolaruntpost
894 769 970 834 hoec
993 772 1030 834 in
1054 791 1211 854 argumm-

111 876 182 934 tum
195 871 329 952 Tragici
345 869 531 952 Sophocles
549 878 583 934 et
605 869 791 955 Emipides,
814 870 870 934 ille
883 870 1021 954 quidem
1040 892 1112 937 non
1124 873 1210 938 modo

109 971 226 1035 fabula
240 972 431 1047 Palamede,
445 991 571 1048 rerum,
583 976 622 1034 ut
632 970 805 1053 probabile
828 970 876 1048 lit,
895 990 959 1034 uec
979 975 1097 1037 minus
1115 975 1150 1038 iu
1162 973 1209 1040 du·

111 1071 193 1155 plici
209 1071 377 1154 Naupli03
401 1071 460 1134 sed
474 1074 579 1136 multo
593 1071 714 1136 clarior
732 1071 795 1136 fuit
818 1071 1019 1137 Palamedes
1039 1073 1209 1159 Euripidis,

111 1174 209 1258 cujus
222 1173 405 1252 fragmenta
427 1173 583 1236 nonnulla
604 1172 776 1249 hahemus,
789 1179 824 1237 et
837 1173 936 1237 inhis
952 1175 1209 1240 notissimumil·

111 1274 184 1339 lud:
208 1272 313 1335 ixoim’
336 1271 448 1335 ἐκάνετε
461 1276 515 1334 τᾶν
535 1271 685 1352 πάνσοφον,
700 1267 723 1335 ὅ
737 1273 858 1350 Δαναοὶ,
871 1277 925 1335 τᾶν
939 1270 1023 1336 aaa&
1039 1273 1216 1361 ἂλγῦνοοη·

111 1373 369 1451 samsima,
384 1381 394 1408 ⁴
411 1374 498 1438 aeci
517 1373 734 1453 nossem,
748 1376 824 1439 ma
837 1374 1082 1455 doctissimam,
1100 1375 1210 1454 nami
1252 1358 1254 1381 '

111 1476 330 1553 innocentem,
352 1476 526 1550 musicam,
549 1472 756 1554 lusciniam3’
790 1474 881 1558 quud
901 1475 936 1538 iu
961 1474 1210 1543 Socratenrrer·
1251 1518 1254 1571 !

111 1585 246 1644 mmest
259 1577 547 1662 aspectatoribus,
560 1577 813 1660 cumpostejus
831 1594 947 1640 necem
967 1577 1004 1641 in
1021 1595 1210 1643 scename·
1252 1616 1254 1663 :

112 1686 234 1744 vocata
246 1680 365 1745 fuisset
386 1679 444 1743 illa
457 1677 570 1741 sabula
590 1675 645 1760 (ν.
659 1677 693 1739 in
706 1674 825 1758 fragm.
841 1675 956 1758 Eurip.
966 1681 1001 1741 et
1015 1677 1053 1740 in
1067 1677 1210 1743 Diamht
1252 1724 1254 1731 -

111 1776 241 1857 Valk.).
285 1780 455 1843 Intellecta
477 1777 565 1842 haud
580 1776 714 1841 difficile
735 1783 798 1854 est,
821 1775 1036 1841 Palamedem
1055 1797 1103 1842 ex
1122 1778 1210 1861 tragi-
1252 1770 1254 1839 s

111 1896 225 1943 corum
238 1881 371 1946 invento
385 1881 582 1945 sustinuisse
595 1896 772 1962 personam
782 1878 882 1943 modo
895 1878 1107 1962 imperatoris
1119 1879 1212 1945 soler-

110 1979 155 2042 tis
174 1987 207 2044 et
221 1984 358 2059 strenui,
367 1981 468 2065 juxta
480 1983 593 2064 posita
610 1978 870 2062 Agamemnonis
893 1982 1052 2063 superbia
1077 1987 1113 2047 et
1125 1981 1210 2065 cupi-

112 2077 226 2158 ditate,
251 2086 298 2158 (v.
314 2081 413 2146 Plato
437 2080 480 2145 de
504 2080 591 2165 Rep.
619 2096 735 2164 v11,p.
752 2081 819 2145 522
845 2085 883 2160 u)
904 2082 1007 2146 modo
1033 2082 1099 2147 viri
1123 2081 1209 2166 justi,

111 2185 303 2260 constantis,
319 2185 490 2267 sapientis,
505 2202 604 2265 quem
619 2183 712 2248 cives
722 2183 836 2267 injusti
861 2189 893 2247 et
912 2184 1034 2266 ingrati
1049 2203 1111 2268 pro
1124 2185 1211 2249 huie·

111 2283 196 2348 ficiis
211 2286 359 2368 acceptis
378 2285 500 2368 injuria
511 2289 545 2346 et
556 2283 789 2348 maledicentia
807 2290 1056 2367 persequunhrr.
1100 2283 1156 2348 Ad
1169 2289 1210 2348 ta·

111 2384 177 2447 lem
191 2404 366 2467 personam
381 2384 527 2449 alludere
549 2391 630 2468 puto
656 2383 915 2468 Xenophontem
933 2380 976 2448 de
997 2390 1110 2451 venat.
1125 2402 1151 2464 1,
1164 2385 1210 2461 11,

114 2484 172 2547 uhi
186 2483 279 2560 ultio,
295 2504 371 2566 quae
386 2487 419 2547 ei
439 2505 461 2548 a
479 2485 557 2549 Diis
579 2487 757 2566 contigisse
779 2484 911 2563 dicitur,
924 2487 1066 2570 respicit
1080 2484 1212 2571 Nauplii

111 2585 271 2649 consilia:
306 2604 383 2666 quae
408 2587 567 2668 exposita
590 2584 721 2650 videbis
746 2605 780 2650 v.
793 2605 823 2650 c.
843 2605 899 2669 ap.
920 2585 1033 2652 Schol.
1049 2586 1211 2672 Lycophr.

109 2683 187 2748 384.
231 2683 329 2747 Cous.
351 2683 511 2767 Xenoph.
533 2685 636 2749 Mem.
660 2685 698 2750 S.
720 2700 772 2764 ιν,
794 2685 828 2763 2,
852 2685 906 2750 33.
952 2684 1056 2770 Apol.
1076 2687 1211 2754 Sacas.

110 2785 165 2849 26.
196 2783 275 2847 Pari
289 2784 388 2848 modo
406 2785 547 2869 Ulysses
567 2787 602 2849 in
622 2786 776 2870 Tragicis
799 2805 975 2870 personam
988 2787 1213 2855 induitdema·

111 2885 188 2967 gogi
203 2887 401 2967 perniciosis
420 2888 545 2952 artibus
562 2889 756 2972 popularem
781 2907 899 2953 auram
912 2891 1093 2972 captantis.
1137 2890 1213 2956 Am·

110 2987 266 3072 phionem
281 2989 314 3052 in
333 2987 478 3072 Antiope
493 2988 671 3072 Euripides
681 2991 717 3054 in
726 2989 961 3072 philosophum
972 2989 1094 3055 studiis
1101 2996 1136 3056 et
1148 2993 1213 3058 etio

111 3087 270 3155 litterario
286 3089 467 3167 addictum,
495 3090 721 3174 Hippolytum
739 3090 827 3155 idem
845 3090 882 3154 iu
896 3092 1080 3174 sapientem
1093 3092 1212 3178 Pytha·

112 3207 244 3272 geruum
260 3192 559 3256 transformaverat.

153 3290 236 3355 Inde
264 3293 431 3375 Sophistae
456 3292 648 3358 Palamedis
663 3312 802 3358 causam
815 3294 861 3358 ab
877 3292 1001 3378 Ulysse
1013 3295 1212 3379 proditionis

110 3395 272 3469 accusati,
287 3394 408 3474 ingenii
422 3395 620 3472 ostentandi,
636 3399 705 3458 tum
719 3395 864 3460 rhetores
878 3395 1087 3462 exercitandi
1102 3418 1213 3476 causa,

109 3512 329 3574 proposuere:
360 3495 491 3560 scilicet
504 3516 592 3574 cum,
615 3501 651 3560 ut
673 3497 707 3560 in
719 3496 848 3581 judicio
861 3517 1027 3563 armorum
1043 3501 1127 3565 inter
1136 3499 1214 3587 Aja-

109 3610 180 3656 cem
209 3601 242 3657 et
266 3594 431 3678 Ulyssem,
457 3599 505 3661 ita
529 3598 563 3660 iu
590 3597 653 3660 hac
682 3596 875 3661 Palamedis
901 3617 1011 3663 cansa
1045 3601 1215 3666 materiam

108 3693 257 3759 idoneam
300 3696 446 3762 viderent
483 3699 527 3763 ad
562 3707 754 3781 argumenta
780 3699 924 3764 eruenda
951 3704 987 3764 et
1023 3701 1216 3783 miedfflda3

108 3794 152 3859 cf.
168 3792 240 3859 Cic.
255 3795 442 3879 Topic2t),
458 3820 486 3864 s.
501 3801 546 3864 76
570 3800 614 3863 ad
636 3799 782 3865 Herenn.
798 3817 840 3879 ιι,
855 3801 909 3867 19.
954 3799 1059 3866 Extat
1071 3804 1138 3868 sub
1160 3799 1216 3866 Al·

112 3894 296 3959 cidumnntis
325 3901 455 3965 nomine
484 3903 656 3966 accusatio
691 3902 895 3982 Palamedis
920 3907 998 3966 κατὰ
1028 3902 1217 3987 Παλαμήδους

110 3999 270 4087 προδοσίας,
286 4019 361 4083 quae
377 4001 459 4065 nihil
472 4002 573 4067 hahet
586 4004 812 4080 memorabile,
824 4011 1052 4088 praeterquam
1064 4007 1169 4089 quod,
1183 4009 1218 4071 ut

111 4103 273 4185 suspicor,
289 4122 396 4169 rerum
425 4112 615 4186 argumenta
635 4124 679 4171 ex
704 4106 848 4170 carmine
873 4104 999 4192 Cyprio
1023 4107 1217 4175 adumbrata

113 4205 205 4284 sunt3
227 4205 363 4270 ductum
377 4209 428 4271 est
442 4207 564 4273 crimen
576 4226 600 4272 a
612 4207 735 4292 sagitta
746 4205 891 4288 inventa,
905 4207 941 4274 in
953 4208 1051 4296 cnjus
1062 4207 1216 4276 arundine
