<?xml version="1.0" encoding="UTF-8"?>
<!DOCTYPE html PUBLIC "-//W3C//DTD XHTML 1.0 Transitional//EN"
    "http://www.w3.org/TR/xhtml1/DTD/xhtml1-transitional.dtd">
<html xmlns="http://www.w3.org/1999/xhtml" xml:lang="en" lang="en">
 <head>
  <title>
</title>
<meta http-equiv="Content-Type" content="text/html;charset=utf-8" />
  <meta name='ocr-system' content='tesseract 3.04.00' />
  <meta name='ocr-capabilities' content='ocr_page ocr_carea ocr_par ocr_line ocrx_word'/>
</head>
<body>
  <div class='ocr_page' id='page_1' title='image "./pvirgiliimaroni00virggoog/pvirgiliimaroni00virggoog_0670.png"; bbox 0 0 2664 4686; ppageno 0'>
   <div class='ocr_carea' id='block_1_1' title="bbox 548 334 798 395">
    <p class='ocr_par' dir='ltr' id='par_1_1' title="bbox 548 334 798 395">
     <span class='ocr_line' id='line_1_1' title="bbox 548 334 798 395; baseline 0.008 -10"><span class='ocrx_word' id='word_1_1' title='bbox 548 334 798 395; x_wconf 63' lang='lat' dir='ltr'><strong>incuuarre.</strong></span> 
     </span>
    </p>
   </div>
   <div class='ocr_carea' id='block_1_2' title="bbox 470 502 886 669">
    <p class='ocr_par' dir='ltr' id='par_1_2' title="bbox 470 502 886 669">
     <span class='ocr_line' id='line_1_2' title="bbox 596 502 761 552; baseline 0.012 -3"><span class='ocrx_word' id='word_1_2' title='bbox 596 502 761 552; x_wconf 82' lang='lat' dir='ltr'><strong>snrrrur.</strong></span> 
     </span>
     <span class='ocr_line' id='line_1_3' title="bbox 470 603 886 669; baseline 0.005 -2"><span class='ocrx_word' id='word_1_3' title='bbox 470 603 886 669; x_wconf 85' lang='lat' dir='ltr'><strong>EUSTHENIUS·VII.</strong></span> 
     </span>
    </p>
   </div>
   <div class='ocr_carea' id='block_1_3' title="bbox 119 722 1011 1229">
    <p class='ocr_par' dir='ltr' id='par_1_3' title="bbox 120 722 939 809">
     <span class='ocr_line' id='line_1_4' title="bbox 120 722 939 809; baseline -0.001 -21"><span class='ocrx_word' id='word_1_4' title='bbox 120 722 273 788; x_wconf 64' lang='lat' dir='ltr'><strong>mrem</strong></span> <span class='ocrx_word' id='word_1_5' title='bbox 284 723 462 791; x_wconf 87' lang='lat' dir='ltr'><strong>deveniunt</strong></span> <span class='ocrx_word' id='word_1_6' title='bbox 477 724 655 788; x_wconf 85' lang='lat' dir='ltr'><strong>Laurentia</strong></span> <span class='ocrx_word' id='word_1_7' title='bbox 669 722 775 789; x_wconf 66' lang='lat' dir='ltr'><strong>Troes</strong></span> <span class='ocrx_word' id='word_1_8' title='bbox 790 724 823 787; x_wconf 92' lang='lat' dir='ltr'><strong>in</strong></span> <span class='ocrx_word' id='word_1_9' title='bbox 840 739 939 809; x_wconf 71' lang='lat' dir='ltr'><strong>erra:</strong></span> 
     </span>
    </p>

    <p class='ocr_par' dir='ltr' id='par_1_4' title="bbox 119 823 1011 1229">
     <span class='ocr_line' id='line_1_5' title="bbox 121 823 909 910; baseline 0 -23"><span class='ocrx_word' id='word_1_10' title='bbox 121 823 166 889; x_wconf 91' lang='lat' dir='ltr'><strong>Et</strong></span> <span class='ocrx_word' id='word_1_11' title='bbox 180 846 266 909; x_wconf 86' lang='lat' dir='ltr'><strong>pace</strong></span> <span class='ocrx_word' id='word_1_12' title='bbox 281 834 418 910; x_wconf 85' lang='lat' dir='ltr'><strong>accepta</strong></span> <span class='ocrx_word' id='word_1_13' title='bbox 432 828 500 891; x_wconf 86' lang='lat' dir='ltr'><strong>laeti</strong></span> <span class='ocrx_word' id='word_1_14' title='bbox 515 847 603 890; x_wconf 88' lang='lat' dir='ltr'><strong>nova</strong></span> <span class='ocrx_word' id='word_1_15' title='bbox 616 828 740 892; x_wconf 87' lang='lat' dir='ltr'><strong>moenia</strong></span> <span class='ocrx_word' id='word_1_16' title='bbox 755 824 909 890; x_wconf 87' lang='lat' dir='ltr'><strong>condunt.</strong></span> 
     </span>
     <span class='ocr_line' id='line_1_6' title="bbox 122 925 1011 994; baseline 0.002 -5"><span class='ocrx_word' id='word_1_17' title='bbox 122 925 233 990; x_wconf 81' lang='lat' dir='ltr'><strong>Nocte</strong></span> <span class='ocrx_word' id='word_1_18' title='bbox 248 934 353 992; x_wconf 85' lang='lat' dir='ltr'><strong>satam</strong></span> <span class='ocrx_word' id='word_1_19' title='bbox 367 927 388 991; x_wconf 87' lang='lat' dir='ltr'><strong>J</strong></span> <span class='ocrx_word' id='word_1_20' title='bbox 392 947 456 991; x_wconf 91' lang='lat' dir='ltr'><strong>uno</strong></span> <span class='ocrx_word' id='word_1_21' title='bbox 472 927 606 994; x_wconf 82' lang='lat' dir='ltr'>Furiam</span> <span class='ocrx_word' id='word_1_22' title='bbox 619 935 748 992; x_wconf 81' lang='lat' dir='ltr'><strong>evocat</strong></span> <span class='ocrx_word' id='word_1_23' title='bbox 792 927 858 991; x_wconf 87' lang='lat' dir='ltr'><strong>Illa</strong></span> <span class='ocrx_word' id='word_1_24' title='bbox 872 925 1011 991; x_wconf 76' lang='lat' dir='ltr'><strong>Latinos</strong></span> 
     </span>
     <span class='ocr_line' id='line_1_7' title="bbox 122 1026 931 1108; baseline 0.002 -20"><span class='ocrx_word' id='word_1_25' title='bbox 122 1026 213 1090; x_wconf 90' lang='lat' dir='ltr'><strong>Inter</strong></span> <span class='ocrx_word' id='word_1_26' title='bbox 227 1040 260 1092; x_wconf 90' lang='lat' dir='ltr'><strong>ot</strong></span> <span class='ocrx_word' id='word_1_27' title='bbox 275 1029 445 1095; x_wconf 84' lang='lat' dir='ltr'><strong>AEneedas</strong></span> <span class='ocrx_word' id='word_1_28' title='bbox 460 1030 581 1094; x_wconf 84' lang='lat' dir='ltr'><strong>bellum</strong></span> <span class='ocrx_word' id='word_1_29' title='bbox 597 1032 687 1108; x_wconf 87' lang='lat' dir='ltr'><strong>serit,</strong></span> <span class='ocrx_word' id='word_1_30' title='bbox 701 1037 735 1094; x_wconf 87' lang='lat' dir='ltr'><strong>ct</strong></span> <span class='ocrx_word' id='word_1_31' title='bbox 749 1031 815 1095; x_wconf 91' lang='lat' dir='ltr'><strong>ciet</strong></span> <span class='ocrx_word' id='word_1_32' title='bbox 829 1048 931 1094; x_wconf 86' lang='lat' dir='ltr'><strong>arma.</strong></span> 
     </span>
     <span class='ocr_line' id='line_1_8' title="bbox 119 1124 937 1229; baseline 0.005 -36"><span class='ocrx_word' id='word_1_33' title='bbox 119 1124 276 1195; x_wconf 83' lang='lat' dir='ltr'>Protinus</span> <span class='ocrx_word' id='word_1_34' title='bbox 290 1132 424 1195; x_wconf 81' lang='lat' dir='ltr'><strong>auxiliis</strong></span> <span class='ocrx_word' id='word_1_35' title='bbox 438 1137 523 1195; x_wconf 88' lang='lat' dir='ltr'><strong>terra</strong></span> <span class='ocrx_word' id='word_1_36' title='bbox 535 1133 665 1229; x_wconf 76' lang='lat' dir='ltr'><strong>iustruit</strong></span> <span class='ocrx_word' id='word_1_37' title='bbox 679 1132 766 1196; x_wconf 83' lang='lat' dir='ltr'><strong>Itala</strong></span> <span class='ocrx_word' id='word_1_38' title='bbox 779 1131 937 1197; x_wconf 84' lang='lat' dir='ltr'><strong>Turnum.</strong></span> 
     </span>
    </p>
   </div>
   <div class='ocr_carea' id='block_1_4' title="bbox 450 1266 895 1437">
    <p class='ocr_par' dir='ltr' id='par_1_5' title="bbox 450 1266 895 1437">
     <span class='ocr_line' id='line_1_9' title="bbox 594 1266 742 1313; baseline 0 -2"><span class='ocrx_word' id='word_1_39' title='bbox 594 1266 742 1313; x_wconf 77' lang='lat' dir='ltr'><strong>ocrnvr.</strong></span> 
     </span>
     <span class='ocr_line' id='line_1_10' title="bbox 450 1369 895 1437; baseline 0.009 -4"><span class='ocrx_word' id='word_1_40' title='bbox 450 1369 766 1436; x_wconf 84' lang='lat' dir='ltr'><strong>POMPEIANUS</strong></span> <span class='ocrx_word' id='word_1_41' title='bbox 789 1372 895 1437; x_wconf 88' lang='lat' dir='ltr'><strong>VIll.</strong></span> 
     </span>
    </p>
   </div>
   <div class='ocr_carea' id='block_1_5' title="bbox 117 1483 1017 1978">
    <p class='ocr_par' dir='ltr' id='par_1_6' title="bbox 117 1483 1015 1774">
     <span class='ocr_line' id='line_1_11' title="bbox 117 1483 948 1572; baseline 0.005 -23"><span class='ocrx_word' id='word_1_42' title='bbox 117 1483 216 1551; x_wconf 74' lang='lat' dir='ltr'><strong>Vidit</strong></span> <span class='ocrx_word' id='word_1_43' title='bbox 229 1492 265 1551; x_wconf 88' lang='lat' dir='ltr'><strong>ut</strong></span> <span class='ocrx_word' id='word_1_44' title='bbox 277 1486 403 1551; x_wconf 86' lang='lat' dir='ltr'><strong>AEneas</strong></span> <span class='ocrx_word' id='word_1_45' title='bbox 417 1507 546 1553; x_wconf 88' lang='lat' dir='ltr'><strong>summa</strong></span> <span class='ocrx_word' id='word_1_46' title='bbox 561 1490 594 1552; x_wconf 84' lang='lat' dir='ltr'><strong>vi</strong></span> <span class='ocrx_word' id='word_1_47' title='bbox 609 1490 699 1555; x_wconf 86' lang='lat' dir='ltr'><strong>bella</strong></span> <span class='ocrx_word' id='word_1_48' title='bbox 711 1491 841 1572; x_wconf 85' lang='lat' dir='ltr'><strong>parari:</strong></span> <span class='ocrx_word' id='word_1_49' title='bbox 944 1499 948 1507; x_wconf 87' lang='lat'>&#39;</span> 
     </span>
     <span class='ocr_line' id='line_1_12' title="bbox 117 1584 1015 1675; baseline 0.006 -26"><span class='ocrx_word' id='word_1_50' title='bbox 117 1584 269 1650; x_wconf 82' lang='lat' dir='ltr'><strong>Arcadas</strong></span> <span class='ocrx_word' id='word_1_51' title='bbox 286 1587 536 1672; x_wconf 87' lang='lat' dir='ltr'><strong>Evandrumque</strong></span> <span class='ocrx_word' id='word_1_52' title='bbox 550 1610 659 1654; x_wconf 88' lang='lat' dir='ltr'><strong>senem</strong></span> <span class='ocrx_word' id='word_1_53' title='bbox 675 1591 740 1655; x_wconf 91' lang='lat' dir='ltr'><strong>sibi</strong></span> <span class='ocrx_word' id='word_1_54' title='bbox 754 1591 877 1656; x_wconf 84' lang='lat' dir='ltr'><strong>loedere</strong></span> <span class='ocrx_word' id='word_1_55' title='bbox 887 1590 1015 1675; x_wconf 80' lang='lat' dir='ltr'><strong>jungit3</strong></span> 
     </span>
     <span class='ocr_line' id='line_1_13' title="bbox 120 1686 833 1774; baseline 0.01 -24"><span class='ocrx_word' id='word_1_56' title='bbox 120 1686 356 1774; x_wconf 83' lang='lat' dir='ltr'><strong>Dardanioque</strong></span> <span class='ocrx_word' id='word_1_57' title='bbox 367 1691 443 1755; x_wconf 89' lang='lat' dir='ltr'><strong>duci</strong></span> <span class='ocrx_word' id='word_1_58' title='bbox 455 1693 600 1756; x_wconf 86' lang='lat' dir='ltr'><strong>sociatur</strong></span> <span class='ocrx_word' id='word_1_59' title='bbox 616 1692 744 1756; x_wconf 84' lang='lat' dir='ltr'><strong>Etruria</strong></span> <span class='ocrx_word' id='word_1_60' title='bbox 755 1697 833 1757; x_wconf 85' lang='lat' dir='ltr'><strong>tota.</strong></span> 
     </span>
    </p>

    <p class='ocr_par' dir='ltr' id='par_1_7' title="bbox 117 1788 1017 1978">
     <span class='ocr_line' id='line_1_14' title="bbox 117 1788 1017 1875; baseline 0.004 -24"><span class='ocrx_word' id='word_1_61' title='bbox 117 1788 223 1854; x_wconf 83' lang='lat' dir='ltr'><strong>Arma</strong></span> <span class='ocrx_word' id='word_1_62' title='bbox 236 1793 320 1873; x_wconf 90' lang='lat' dir='ltr'><strong>petit</strong></span> <span class='ocrx_word' id='word_1_63' title='bbox 332 1794 491 1873; x_wconf 84' lang='lat' dir='ltr'><strong>genetrix,</strong></span> <span class='ocrx_word' id='word_1_64' title='bbox 508 1793 566 1857; x_wconf 86' lang='lat' dir='ltr'><strong>dat</strong></span> <span class='ocrx_word' id='word_1_65' title='bbox 582 1792 767 1858; x_wconf 88' lang='lat' dir='ltr'><strong>Mulciber:</strong></span> <span class='ocrx_word' id='word_1_66' title='bbox 783 1794 817 1856; x_wconf 92' lang='lat' dir='ltr'><strong>in</strong></span> <span class='ocrx_word' id='word_1_67' title='bbox 832 1793 1017 1875; x_wconf 85' lang='lat' dir='ltr'><strong>clypeoque</strong></span> 
     </span>
     <span class='ocr_line' id='line_1_15' title="bbox 118 1887 883 1978; baseline 0.007 -25"><span class='ocrx_word' id='word_1_68' title='bbox 118 1887 189 1953; x_wconf 87' lang='lat' dir='ltr'><strong>Res</strong></span> <span class='ocrx_word' id='word_1_69' title='bbox 202 1891 309 1973; x_wconf 82' lang='lat' dir='ltr'><strong>pingit</strong></span> <span class='ocrx_word' id='word_1_70' title='bbox 324 1891 451 1970; x_wconf 84' lang='lat' dir='ltr'><strong>Latias,</strong></span> <span class='ocrx_word' id='word_1_71' title='bbox 462 1899 495 1957; x_wconf 91' lang='lat' dir='ltr'><strong>et</strong></span> <span class='ocrx_word' id='word_1_72' title='bbox 508 1893 705 1959; x_wconf 81' lang='lat' dir='ltr'><strong>fortiafacta</strong></span> <span class='ocrx_word' id='word_1_73' title='bbox 714 1899 883 1978; x_wconf 82' lang='lat' dir='ltr'><strong>nepotum·</strong></span> 
     </span>
    </p>
   </div>
   <div class='ocr_carea' id='block_1_6' title="bbox 616 2028 723 2076">
    <p class='ocr_par' dir='ltr' id='par_1_8' title="bbox 616 2028 723 2076">
     <span class='ocr_line' id='line_1_16' title="bbox 616 2028 723 2076; baseline 0 -1"><span class='ocrx_word' id='word_1_74' title='bbox 616 2028 723 2076; x_wconf 79' lang='lat' dir='ltr'><strong>NONl.</strong></span> 
     </span>
    </p>
   </div>
   <div class='ocr_carea' id='block_1_7' title="bbox 463 2125 888 2193">
    <p class='ocr_par' dir='ltr' id='par_1_9' title="bbox 463 2125 888 2193">
     <span class='ocr_line' id='line_1_17' title="bbox 463 2125 888 2193; baseline 0.002 -2"><span class='ocrx_word' id='word_1_75' title='bbox 463 2125 790 2193; x_wconf 83' lang='lat' dir='ltr'><strong>MAXIMIANUS</strong></span> <span class='ocrx_word' id='word_1_76' title='bbox 816 2125 888 2193; x_wconf 89' lang='lat' dir='ltr'><strong>IX.</strong></span> 
     </span>
    </p>
   </div>
   <div class='ocr_carea' id='block_1_8' title="bbox 116 2240 1080 2957">
    <p class='ocr_par' dir='ltr' id='par_1_10' title="bbox 116 2240 1080 2957">
     <span class='ocr_line' id='line_1_18' title="bbox 119 2240 892 2328; baseline 0.004 -22"><span class='ocrx_word' id='word_1_77' title='bbox 119 2240 175 2307; x_wconf 87' lang='lat' dir='ltr'><strong>Ad</strong></span> <span class='ocrx_word' id='word_1_78' title='bbox 191 2242 337 2307; x_wconf 90' lang='lat' dir='ltr'><strong>Turnum</strong></span> <span class='ocrx_word' id='word_1_79' title='bbox 353 2263 490 2328; x_wconf 89' lang='lat' dir='ltr'><strong>propere</strong></span> <span class='ocrx_word' id='word_1_80' title='bbox 501 2243 524 2308; x_wconf 87' lang='lat' dir='ltr'><strong>J</strong></span> <span class='ocrx_word' id='word_1_81' title='bbox 526 2246 648 2308; x_wconf 85' lang='lat' dir='ltr'><strong>unonia</strong></span> <span class='ocrx_word' id='word_1_82' title='bbox 660 2244 799 2309; x_wconf 83' lang='lat' dir='ltr'><strong>mittitur</strong></span> <span class='ocrx_word' id='word_1_83' title='bbox 814 2244 892 2324; x_wconf 82' lang='lat' dir='ltr'><strong>Iria,</strong></span> 
     </span>
     <span class='ocr_line' id='line_1_19' title="bbox 119 2343 1075 2430; baseline -0.001 -22"><span class='ocrx_word' id='word_1_84' title='bbox 119 2343 327 2428; x_wconf 87' lang='lat' dir='ltr'><strong>lnstigatque</strong></span> <span class='ocrx_word' id='word_1_85' title='bbox 344 2347 481 2410; x_wconf 89' lang='lat' dir='ltr'><strong>animos.</strong></span> <span class='ocrx_word' id='word_1_86' title='bbox 526 2343 631 2410; x_wconf 84' lang='lat' dir='ltr'><strong>Acies</strong></span> <span class='ocrx_word' id='word_1_87' title='bbox 643 2351 753 2410; x_wconf 81' lang='lat' dir='ltr'><strong>movet</strong></span> <span class='ocrx_word' id='word_1_88' title='bbox 776 2345 843 2423; x_wconf 86' lang='lat' dir='ltr'><strong>ille,</strong></span> <span class='ocrx_word' id='word_1_89' title='bbox 860 2344 1075 2430; x_wconf 81' lang='lat' dir='ltr'><strong>Phrygasque</strong></span> 
     </span>
     <span class='ocr_line' id='line_1_20' title="bbox 116 2442 1080 2533; baseline 0.004 -26"><span class='ocrx_word' id='word_1_90' title='bbox 116 2442 271 2508; x_wconf 88' lang='lat' dir='ltr'><strong>Obsidet.</strong></span> <span class='ocrx_word' id='word_1_91' title='bbox 316 2444 356 2508; x_wconf 92' lang='lat' dir='ltr'><strong>ln</strong></span> <span class='ocrx_word' id='word_1_92' title='bbox 373 2445 549 2531; x_wconf 83' lang='lat' dir='ltr'><strong>Nymphas</strong></span> <span class='ocrx_word' id='word_1_93' title='bbox 560 2465 657 2512; x_wconf 79' lang='lat' dir='ltr'><strong>verra</strong></span> <span class='ocrx_word' id='word_1_94' title='bbox 667 2451 718 2510; x_wconf 88' lang='lat' dir='ltr'><strong>est</strong></span> <span class='ocrx_word' id='word_1_95' title='bbox 732 2445 854 2511; x_wconf 72' lang='lat' dir='ltr'><strong>AEneie</strong></span> <span class='ocrx_word' id='word_1_96' title='bbox 865 2445 1002 2511; x_wconf 77' lang='lat' dir='ltr'><strong>classis.</strong></span> <span class='ocrx_word' id='word_1_97' title='bbox 1062 2508 1080 2533; x_wconf 27' lang='grc' dir='ltr'><strong>,ι</strong></span> 
     </span>
     <span class='ocr_line' id='line_1_21' title="bbox 116 2544 1059 2632; baseline 0.003 -20"><span class='ocrx_word' id='word_1_98' title='bbox 116 2544 279 2631; x_wconf 83' lang='lat' dir='ltr'><strong>Euryalus</strong></span> <span class='ocrx_word' id='word_1_99' title='bbox 291 2546 463 2632; x_wconf 87' lang='lat' dir='ltr'><strong>Nisusque</strong></span> <span class='ocrx_word' id='word_1_100' title='bbox 477 2549 570 2614; x_wconf 89' lang='lat' dir='ltr'><strong>luunt</strong></span> <span class='ocrx_word' id='word_1_101' title='bbox 588 2568 669 2613; x_wconf 87' lang='lat' dir='ltr'><strong>nece</strong></span> <span class='ocrx_word' id='word_1_102' title='bbox 682 2549 802 2632; x_wconf 82' lang='lat' dir='ltr'><strong>praelia</strong></span> <span class='ocrx_word' id='word_1_103' title='bbox 811 2548 936 2614; x_wconf 78' lang='lat' dir='ltr'><strong>noetis·</strong></span> <span class='ocrx_word' id='word_1_104' title='bbox 1055 2590 1059 2596; x_wconf 91' lang='lat'>-</span> 
     </span>
     <span class='ocr_line' id='line_1_22' title="bbox 117 2647 891 2735; baseline 0.005 -24"><span class='ocrx_word' id='word_1_105' title='bbox 117 2647 164 2712; x_wconf 92' lang='lat' dir='ltr'><strong>Vi</strong></span> <span class='ocrx_word' id='word_1_106' title='bbox 179 2647 312 2713; x_wconf 84' lang='lat' dir='ltr'><strong>Turnus</strong></span> <span class='ocrx_word' id='word_1_107' title='bbox 327 2650 450 2734; x_wconf 80' lang='lat' dir='ltr'><strong>potitur</strong></span> <span class='ocrx_word' id='word_1_108' title='bbox 464 2653 593 2729; x_wconf 82' lang='lat' dir='ltr'><strong>castris,</strong></span> <span class='ocrx_word' id='word_1_109' title='bbox 609 2652 644 2715; x_wconf 80' lang='lat' dir='ltr'><strong>vi</strong></span> <span class='ocrx_word' id='word_1_110' title='bbox 656 2651 790 2735; x_wconf 79' lang='lat' dir='ltr'><strong>pellitur</strong></span> <span class='ocrx_word' id='word_1_111' title='bbox 803 2650 891 2715; x_wconf 87' lang='lat' dir='ltr'><strong>inde.</strong></span> 
     </span>
     <span class='ocr_line' id='line_1_23' title="bbox 596 2785 743 2835; baseline -0.02 -1"><span class='ocrx_word' id='word_1_112' title='bbox 596 2785 743 2835; x_wconf 78' lang='lat' dir='ltr'><strong>uretur.</strong></span> 
     </span>
     <span class='ocr_line' id='line_1_24' title="bbox 533 2884 806 2957; baseline -0.004 -6"><span class='ocrx_word' id='word_1_113' title='bbox 533 2884 727 2953; x_wconf 83' lang='lat' dir='ltr'><strong>VITALlS</strong></span> <span class='ocrx_word' id='word_1_114' title='bbox 755 2888 806 2957; x_wconf 90' lang='lat' dir='ltr'><strong>X.</strong></span> 
     </span>
    </p>
   </div>
   <div class='ocr_carea' id='block_1_9' title="bbox 111 3000 1178 3492">
    <p class='ocr_par' dir='ltr' id='par_1_11' title="bbox 115 3000 811 3093">
     <span class='ocr_line' id='line_1_25' title="bbox 115 3000 811 3093; baseline 0.01 -28"><span class='ocrx_word' id='word_1_115' title='bbox 115 3000 235 3068; x_wconf 82' lang='lat' dir='ltr'><strong>Placet</strong></span> <span class='ocrx_word' id='word_1_116' title='bbox 246 3010 279 3069; x_wconf 87' lang='lat' dir='ltr'><strong>et</strong></span> <span class='ocrx_word' id='word_1_117' title='bbox 293 3005 419 3084; x_wconf 83' lang='lat' dir='ltr'><strong>uxoris,</strong></span> <span class='ocrx_word' id='word_1_118' title='bbox 434 3003 544 3084; x_wconf 87' lang='lat' dir='ltr'><strong>dietis,</strong></span> <span class='ocrx_word' id='word_1_119' title='bbox 560 3012 593 3071; x_wconf 87' lang='lat' dir='ltr'><strong>et</strong></span> <span class='ocrx_word' id='word_1_120' title='bbox 602 3007 712 3093; x_wconf 89' lang='lat' dir='ltr'><strong>jurgia</strong></span> <span class='ocrx_word' id='word_1_121' title='bbox 725 3013 811 3072; x_wconf 72' lang='lat' dir='ltr'><strong>natae</strong></span> 
     </span>
    </p>

    <p class='ocr_par' dir='ltr' id='par_1_12' title="bbox 111 3102 1178 3395">
     <span class='ocr_line' id='line_1_26' title="bbox 111 3102 1178 3199; baseline 0.008 -32"><span class='ocrx_word' id='word_1_122' title='bbox 111 3102 256 3187; x_wconf 84' lang='lat' dir='ltr'><strong>Jupiter.</strong></span> <span class='ocrx_word' id='word_1_123' title='bbox 301 3103 451 3171; x_wconf 82' lang='lat' dir='ltr'><strong>Auxiliis</strong></span> <span class='ocrx_word' id='word_1_124' title='bbox 466 3108 646 3174; x_wconf 85' lang='lat' dir='ltr'><strong>instructus</strong></span> <span class='ocrx_word' id='word_1_125' title='bbox 660 3110 782 3174; x_wconf 85' lang='lat' dir='ltr'><strong>Troius</strong></span> <span class='ocrx_word' id='word_1_126' title='bbox 796 3109 893 3173; x_wconf 79' lang='lat' dir='ltr'><strong>heros</strong></span> <span class='ocrx_word' id='word_1_127' title='bbox 1175 3193 1178 3199; x_wconf 26' lang='grc' dir='ltr'>Ι</span> 
     </span>
     <span class='ocr_line' id='line_1_27' title="bbox 111 3201 1164 3294; baseline 0.007 -28"><span class='ocrx_word' id='word_1_128' title='bbox 111 3201 269 3271; x_wconf 85' lang='lat' dir='ltr'><strong>Advenit.</strong></span> <span class='ocrx_word' id='word_1_129' title='bbox 314 3206 499 3273; x_wconf 84' lang='lat' dir='ltr'><strong>Occurrunt</strong></span> <span class='ocrx_word' id='word_1_130' title='bbox 512 3208 640 3289; x_wconf 86' lang='lat' dir='ltr'><strong>Rutuli,</strong></span> <span class='ocrx_word' id='word_1_131' title='bbox 652 3215 751 3294; x_wconf 87' lang='lat' dir='ltr'><strong>atque</strong></span> <span class='ocrx_word' id='word_1_132' title='bbox 764 3210 799 3273; x_wconf 91' lang='lat' dir='ltr'><strong>in</strong></span> <span class='ocrx_word' id='word_1_133' title='bbox 813 3209 923 3294; x_wconf 81' lang='lat' dir='ltr'><strong>littore</strong></span> <span class='ocrx_word' id='word_1_134' title='bbox 933 3211 1090 3293; x_wconf 81' lang='lat' dir='ltr'><strong>pugnant.</strong></span> <span class='ocrx_word' id='word_1_135' title='bbox 1158 3208 1164 3219; x_wconf 77' lang='lat'><em>&#39;</em></span> 
     </span>
     <span class='ocr_line' id='line_1_28' title="bbox 113 3303 923 3395; baseline 0.006 -26"><span class='ocrx_word' id='word_1_136' title='bbox 113 3303 249 3372; x_wconf 87' lang='lat' dir='ltr'><strong>Occidit</strong></span> <span class='ocrx_word' id='word_1_137' title='bbox 262 3328 284 3373; x_wconf 86' lang='lat' dir='ltr'><strong>a</strong></span> <span class='ocrx_word' id='word_1_138' title='bbox 297 3308 410 3373; x_wconf 85' lang='lat' dir='ltr'><strong>Turno</strong></span> <span class='ocrx_word' id='word_1_139' title='bbox 423 3307 555 3375; x_wconf 80' lang='lat' dir='ltr'><strong>Pallas:</strong></span> <span class='ocrx_word' id='word_1_140' title='bbox 569 3311 742 3395; x_wconf 84' lang='lat' dir='ltr'><strong>victorque</strong></span> <span class='ocrx_word' id='word_1_141' title='bbox 759 3311 923 3395; x_wconf 79' lang='lat' dir='ltr'><strong>superbus</strong></span> 
     </span>
    </p>

    <p class='ocr_par' dir='ltr' id='par_1_13' title="bbox 111 3407 841 3492">
     <span class='ocr_line' id='line_1_29' title="bbox 111 3407 841 3492; baseline 0.007 -23"><span class='ocrx_word' id='word_1_142' title='bbox 111 3407 230 3473; x_wconf 84' lang='lat' dir='ltr'><strong>AEneae</strong></span> <span class='ocrx_word' id='word_1_143' title='bbox 244 3409 388 3492; x_wconf 87' lang='lat' dir='ltr'><strong>eripitur.</strong></span> <span class='ocrx_word' id='word_1_144' title='bbox 433 3409 617 3480; x_wconf 80' lang='lat' dir='ltr'><strong>Mezentius</strong></span> <span class='ocrx_word' id='word_1_145' title='bbox 632 3412 742 3478; x_wconf 90' lang='lat' dir='ltr'><strong>interit</strong></span> <span class='ocrx_word' id='word_1_146' title='bbox 756 3432 841 3479; x_wconf 80' lang='lat' dir='ltr'><strong>acer.</strong></span> 
     </span>
    </p>
   </div>
   <div class='ocr_carea' id='block_1_10' title="bbox 557 3545 762 3612">
    <p class='ocr_par' dir='ltr' id='par_1_14' title="bbox 557 3545 762 3612">
     <span class='ocr_line' id='line_1_30' title="bbox 557 3545 762 3612; baseline 0 -1"><span class='ocrx_word' id='word_1_147' title='bbox 557 3545 762 3612; x_wconf 74' lang='lat' dir='ltr'><strong>uunnc&#39;rrrr.</strong></span> 
     </span>
    </p>
   </div>
   <div class='ocr_carea' id='block_1_11' title="bbox 505 3673 823 3742">
    <p class='ocr_par' dir='ltr' id='par_1_15' title="bbox 505 3673 823 3742">
     <span class='ocr_line' id='line_1_31' title="bbox 505 3673 823 3742; baseline -0.006 0"><span class='ocrx_word' id='word_1_148' title='bbox 505 3673 726 3742; x_wconf 80' lang='lat' dir='ltr'>BASILIUS</span> <span class='ocrx_word' id='word_1_149' title='bbox 751 3675 823 3741; x_wconf 85' lang='lat' dir='ltr'><strong>xl.</strong></span> 
     </span>
    </p>
   </div>
   <div class='ocr_carea' id='block_1_12' title="bbox 108 3791 1286 4287">
    <p class='ocr_par' dir='ltr' id='par_1_16' title="bbox 110 3791 973 3879">
     <span class='ocr_line' id='line_1_32' title="bbox 110 3791 973 3879; baseline -0.001 -22"><span class='ocrx_word' id='word_1_150' title='bbox 110 3792 244 3857; x_wconf 83' lang='lat' dir='ltr'><strong>Occisis</strong></span> <span class='ocrx_word' id='word_1_151' title='bbox 258 3792 429 3875; x_wconf 88' lang='lat' dir='ltr'><strong>proprium</strong></span> <span class='ocrx_word' id='word_1_152' title='bbox 440 3805 518 3876; x_wconf 82' lang='lat' dir='ltr'><strong>pars</strong></span> <span class='ocrx_word' id='word_1_153' title='bbox 530 3800 670 3879; x_wconf 86' lang='lat' dir='ltr'><strong>utraque</strong></span> <span class='ocrx_word' id='word_1_154' title='bbox 684 3791 792 3857; x_wconf 87' lang='lat' dir='ltr'><strong>reddit</strong></span> <span class='ocrx_word' id='word_1_155' title='bbox 804 3792 973 3859; x_wconf 85' lang='lat' dir='ltr'><strong>honorem.</strong></span> 
     </span>
    </p>

    <p class='ocr_par' dir='ltr' id='par_1_17' title="bbox 109 3891 982 3978">
     <span class='ocr_line' id='line_1_33' title="bbox 109 3891 982 3978; baseline -0.005 -21"><span class='ocrx_word' id='word_1_156' title='bbox 109 3893 326 3977; x_wconf 86' lang='lat' dir='ltr'><strong>Supplicibus</strong></span> <span class='ocrx_word' id='word_1_157' title='bbox 339 3891 509 3978; x_wconf 79' lang='lat' dir='ltr'><strong>Calydone</strong></span> <span class='ocrx_word' id='word_1_158' title='bbox 525 3900 617 3958; x_wconf 84' lang='lat' dir='ltr'><strong>satus</strong></span> <span class='ocrx_word' id='word_1_159' title='bbox 631 3902 728 3977; x_wconf 85' lang='lat' dir='ltr'><strong>negat</strong></span> <span class='ocrx_word' id='word_1_160' title='bbox 741 3913 832 3958; x_wconf 81' lang='lat' dir='ltr'><strong>arma</strong></span> <span class='ocrx_word' id='word_1_161' title='bbox 845 3892 982 3960; x_wconf 83' lang='lat' dir='ltr'><strong>Latinis.</strong></span> 
     </span>
    </p>

    <p class='ocr_par' dir='ltr' id='par_1_18' title="bbox 109 3994 955 4081">
     <span class='ocr_line' id='line_1_34' title="bbox 109 3994 955 4081; baseline 0 -21"><span class='ocrx_word' id='word_1_162' title='bbox 109 3994 195 4060; x_wconf 88' lang='lat' dir='ltr'><strong>Cum</strong></span> <span class='ocrx_word' id='word_1_163' title='bbox 208 3995 341 4060; x_wconf 86' lang='lat' dir='ltr'><strong>Drance</strong></span> <span class='ocrx_word' id='word_1_164' title='bbox 355 3996 484 4060; x_wconf 85' lang='lat' dir='ltr'><strong>alterno</strong></span> <span class='ocrx_word' id='word_1_165' title='bbox 493 3996 606 4081; x_wconf 78' lang='lat' dir='ltr'><strong>jurget</strong></span> <span class='ocrx_word' id='word_1_166' title='bbox 619 3997 797 4062; x_wconf 84' lang='lat' dir='ltr'><strong>certamine</strong></span> <span class='ocrx_word' id='word_1_167' title='bbox 811 3995 955 4061; x_wconf 80' lang='lat' dir='ltr'><strong>Turnus.</strong></span> 
     </span>
    </p>

    <p class='ocr_par' dir='ltr' id='par_1_19' title="bbox 108 4098 1286 4287">
     <span class='ocr_line' id='line_1_35' title="bbox 109 4098 1121 4184; baseline -0.001 -22"><span class='ocrx_word' id='word_1_168' title='bbox 109 4098 235 4162; x_wconf 84' lang='lat' dir='ltr'><strong>AEueas</strong></span> <span class='ocrx_word' id='word_1_169' title='bbox 248 4100 393 4184; x_wconf 89' lang='lat' dir='ltr'><strong>equitem</strong></span> <span class='ocrx_word' id='word_1_170' title='bbox 407 4098 588 4180; x_wconf 73' lang='lat' dir='ltr'><strong>premittit,</strong></span> <span class='ocrx_word' id='word_1_171' title='bbox 603 4107 637 4164; x_wconf 91' lang='lat' dir='ltr'><strong>et</strong></span> <span class='ocrx_word' id='word_1_172' title='bbox 649 4100 752 4165; x_wconf 84' lang='lat' dir='ltr'><strong>obvia</strong></span> <span class='ocrx_word' id='word_1_173' title='bbox 763 4101 876 4182; x_wconf 81' lang='lat' dir='ltr'><strong>virgo.</strong></span> <span class='ocrx_word' id='word_1_174' title='bbox 1117 4152 1121 4161; x_wconf 91' lang='lat'>.</span> 
     </span>
     <span class='ocr_line' id='line_1_36' title="bbox 108 4190 1286 4287; baseline 0.005 -25"><span class='ocrx_word' id='word_1_175' title='bbox 108 4197 259 4284; x_wconf 81' lang='lat' dir='ltr'><strong>Excipit.</strong></span> <span class='ocrx_word' id='word_1_176' title='bbox 304 4190 973 4286; x_wconf 62' lang='grc' dir='ltr'><strong>Ειίὶιιοίειῐῑιιῒυὶὶ(ἰειιιῒίοιςιι,(ὶιιιιιὶίἰι.Δ</strong></span> <span class='ocrx_word' id='word_1_177' title='bbox 1164 4200 1216 4268; x_wconf 77' lang='grc'><strong>55</strong></span> <span class='ocrx_word' id='word_1_178' title='bbox 1250 4266 1286 4287; x_wconf 66' lang='grc'><strong>,,</strong></span> 
     </span>
    </p>
   </div>
   <div class='ocr_carea' id='block_1_13' title="bbox 0 0 1336 4686">
    <p class='ocr_par' dir='ltr' id='par_1_20' title="bbox 0 0 1336 4686">
     <span class='ocr_line' id='line_1_37' title="bbox 0 0 1336 4686; baseline 0 2"><span class='ocrx_word' id='word_1_179' title='bbox 0 0 1336 4686; x_wconf 95' lang='lat' dir='ltr'><strong> </strong></span> 
     </span>
    </p>
   </div>
  </div>
 </body>
</html>
