2664 4686
415 310 468 360 nn
489 308 662 361 mrurnos
684 311 756 360 niu.
782 314 831 359 vr.
1088 298 1175 366 4109

94 470 260 541 mneos
273 471 305 517 o.
319 452 386 518 114
408 450 547 519 ‘Omnis
560 454 596 519 in
611 472 687 519 arce
701 451 872 538 Apollinis
884 454 1100 521 simulacrum
1114 476 1171 522 su·

94 552 164 623 nrt
188 554 257 619 sub
280 573 313 619 a.
337 554 416 633 662,
442 574 520 640 ergo
540 561 612 621 tum
632 556 741 621 adhue
761 562 942 641 supererat
985 555 1067 623 Aua
1080 558 1175 623 dooo

94 654 218 743 polline
237 654 395 741 prodigia
413 662 548 723 mont
566 656 642 724 Liv.
660 673 773 736 xuni,
797 660 851 736 15,
876 653 1056 740 Augustin.
1073 652 1176 725 (3.1).

94 770 121 837 ι,
135 756 196 825 11.
1087 800 1094 813 ,

100 848 308 925 hosoensn
321 861 365 925 nd
379 859 538 945 templum
552 857 638 923 lucus
661 857 774 924 Trivio
798 859 860 924 snit
881 861 929 938 (v.
956 860 1024 939 13),
1047 859 1083 925 in
1105 882 1173 947 quo

94 962 140 1027 Ἰο
151 962 316 1047 templum
329 962 413 1028 illud
427 959 596 1045 Apollinis¹
611 962 740 1028 ridetur
753 962 859 1026 fuisse
872 962 1052 1028 conditum.
1082 964 1175 1031 Dum

93 1060 191 1131 hm
205 1070 432 1147 argumentum
443 1063 621 1129 ineforibus
645 1064 760 1148 templi
786 1064 954 1146 sculptum
971 1067 1175 1150 contempla·

93 1180 129 1241 u.
154 1165 316 1230 arcessito
338 1167 382 1231 ab
408 1162 537 1230 Achate
565 1164 754 1248 Deiphobe,
780 1163 902 1229 Phoebi
915 1164 1106 1251 Triviaeque
1121 1186 1175 1233 so·

93 1260 183 1329 udos
197 1267 243 1344 (v.
257 1267 336 1347 35);
357 1265 508 1331 Teucros
528 1270 628 1330 vocet
648 1263 715 1328 olto
739 1264 772 1328 in
790 1261 916 1347 templa,
940 1286 972 1330 v.
986 1267 1040 1330 40.
1085 1266 1175 1333 Haeo

93 1360 286 1449 rApollinis
300 1368 423 1451 templo
437 1367 467 1430 si
484 1366 647 1450 occipias,
670 1371 759 1430 totns
780 1386 887 1429 rernm
904 1366 987 1432 ordo
1001 1368 1173 1448 turbatur3

93 1462 124 1531 u
136 1464 278 1551 Sibyllin
286 1478 434 1545 ,anunm
449 1465 588 1546 μαπιῖον,
602 1468 851 1549 intelligendum
866 1487 950 1546 esse,
964 1468 1173 1534 manifestum

93 1570 122 1649 ῖς
143 1572 178 1632 et
198 1568 373 1652 subjicitur
392 1570 526 1634 statim:
548 1569 734 1633 ‘Excisum
761 1569 921 1634 Euboicae
945 1570 1034 1635 lotus
1057 1569 1174 1651 ingens

93 1666 164 1755 mis'
188 1665 239 1754 (h.
253 1688 285 1734 o.
299 1671 434 1748 montis,
457 1671 511 1735 oui
535 1671 696 1754 templum
716 1672 907 1754 impositum
929 1668 1015 1755 eret)
1039 1672 1096 1735 ‘in
1115 1692 1174 1737 an·

92 1767 169 1835 um'
196 1742 308 1836 csfv.
331 1772 429 1837 9.1o
451 1778 486 1837 et
507 1792 583 1856 sup.
606 1789 663 1849 111,
685 1774 761 1839 443.
806 1766 913 1837 Abest
926 1780 1037 1840 entem
1051 1775 1173 1858 palmis

92 1884 169 1935 lxx
185 1872 230 1935 ab
244 1870 333 1936 Arcu
343 1870 454 1958 felici,
470 1894 555 1959 ques
569 1873 736 1958 Apollinis
751 1876 863 1960 templi
876 1876 987 1940 ruinas
998 1896 1072 1941 esse
1084 1877 1173 1944 din·-

93 1989 149 2051 us,
163 1979 295 2058 crypta,
321 1976 488 2040 communi
511 1976 667 2060 opinione
690 1996 753 2059 pro
776 1977 913 2062 Sibyllae
935 1984 1031 2042 antro
1045 1979 1171 2044 habita.

92 2072 110 2137 ’.
136 2072 306 2141 Mursella
330 2077 372 2141 do
398 2076 473 2143 Situ
496 2076 626 2143 Puteol.
648 2083 682 2141 et
703 2077 799 2142 Cum.
820 2097 849 2142 c.
865 2078 919 2143 29.
965 2078 1005 2141 In
1019 2079 1172 2144 interiore

92 2175 148 2241 itui
159 2183 256 2261 purte
270 2176 420 2262 adytum,
446 2179 481 2242 in
499 2198 566 2262 quo
593 2177 767 2260 Deiphobe
783 2178 849 2242 Dei
864 2176 1010 2241 afflatum
1024 2180 1173 2261 excipie-

92 2284 145 2360 ης
165 2276 240 2363 ipse
264 2280 392 2344 AEnens
414 2279 461 2344 ad
490 2281 673 2362 ingressum
696 2280 781 2342 antri
807 2279 1019 2342 substiteret:
1040 2279 1118 2343 vide
1138 2299 1171 2343 v.

92 2382 107 2447 5
122 2383 135 2415 ‘
143 2378 287 2446 Ventum
301 2386 370 2445 eret
383 2381 427 2445 ed
441 2379 550 2447 limen’
565 2385 600 2445 et
612 2380 655 2446 81
672 2377 793 2443 ‘Ostia
808 2379 948 2464 jamque
976 2379 1093 2447 domus
1112 2401 1172 2468 pa-

92 2478 244 2549 utre'-et
256 2482 301 2548 98
315 2481 476 2547 ‘Talibus
486 2503 535 2546 ex
550 2481 651 2566 adyto
665 2479 818 2546 dictis’-

100 2584 198 2662 Jem,
213 2586 245 2648 si
258 2584 430 2649 Strabonis
444 2585 554 2649 locum
567 2604 611 2648 ex
626 2584 770 2668 Ephoro,
784 2584 841 2648 lib.
858 2600 892 2661 u,
908 2605 942 2668 p.
958 2586 1024 2650 244
1039 2604 1072 2663 c,
1095 2607 1172 2662 con·

92 2706 161 2767 ras,
175 2707 245 2753 non
258 2707 326 2752 uno
346 2688 424 2751 loco
446 2687 527 2751 olim
545 2687 577 2748 ri
600 2688 727 2767 μαντεῖον
748 2686 851 2750 fuisso
873 2687 1047 2769 intelligas.
1091 2689 1173 2756 Erat

91 2791 205 2857 dmum
218 2810 285 2854 non
298 2791 397 2870 longo
411 2809 433 2853 a
448 2787 550 2872 Styge
563 2790 674 2867 sitnm,
697 2796 730 2853 et
743 2786 788 2850 ini
802 2812 881 2851 τινων
897 2787 1172 2873 ὀρυγμάτων-τοὺς

91 2914 152 2965 ηυς
179 2893 217 2963 εἰς
242 2890 275 2952 ri
298 2891 428 2970 μαντεῖον
450 2884 581 2973 δέχισθαι
606 2896 716 2953 narrat
740 2889 942 2966 sacerdotes,
966 2890 1040 2952 πολὺ
1054 2893 1104 2954 ὑπὸ
1117 2898 1171 2977 γῆς

91 2989 212 3073 topiros.
258 2990 345 3054 Mox
372 3011 394 3055 e
416 3009 492 3071 rege
516 2990 629 3072 aliquo
655 2990 840 3053 interiectos
864 2989 1065 3066 sacerdotes,
1085 2992 1117 3052 τὸ
1141 2995 1170 3057 ii

91 3097 192 3159 ιπιῖον
215 3089 257 3154 ἔτι
281 3091 424 3177 (Ephori
450 3098 609 3174 ternpore,
636 3090 694 3172 qui
710 3089 859 3171 Philippi
877 3088 1074 3152 Macedonis
1089 3097 1171 3155 tem-

91 3196 258 3272 mvixit)
282 3192 432 3274 coppinos
453 3191 620 3274 μιθεστηκός
643 3193 680 3263 εἰς
700 3187 790 3275 ἕτερον
803 3187 896 3252 τόπον.
940 3187 1048 3254 Poeta
1059 3198 1172 3260 noster

91 3316 174 3383 uque
188 3296 233 3361 ad
248 3296 412 3379 antiquius
427 3295 507 3359 illud
522 3294 692 3357 oraoulmn
705 3292 866 3376 respicere
880 3294 1060 3375 putandus.

101 3398 254 3465 moetus
269 3416 292 3460 e·
305 3395 434 3480 Sibylla
451 3396 590 3469 AEneas,
614 3414 713 3458 nureo
729 3414 821 3458 ramo
836 3413 922 3477 opus
936 3413 1021 3472 esse,
1044 3397 1074 3461 si
1093 3398 1172 3466 loca

91 3498 167 3567 &a
191 3499 317 3582 ingredi
339 3499 432 3575 velit,
458 3516 609 3563 reversus
634 3499 678 3561 ad
702 3497 806 3574 littus,
835 3501 868 3560 et
891 3494 1014 3562 Miseni
1032 3518 1172 3584 corpore

90 3607 259 3687 inspecto,
274 3599 407 3666 utillud
422 3606 582 3664 cremaret
594 3600 690 3682 lignis
704 3600 884 3676 convectis,
908 3600 1037 3683 sylvam
1054 3622 1170 3669 versus

90 3724 235 3771 „vernum
249 3708 406 3786 pererrat,
428 3702 624 3784 inventoque
638 3720 730 3764 ramo
745 3704 988 3782 apportetoque
1002 3701 1045 3765 ad
1059 3703 1172 3790 Sibyl·

90 3824 142 3885 m,
155 3805 216 3869 illa
228 3803 314 3870 duco
331 3803 373 3865 ad
387 3799 561 3886 speluncam
579 3802 720 3878 accedit,
745 3799 896 3864 diversum
920 3824 940 3863 a
960 3801 1067 3884 priore
1090 3802 1170 3877 illa3

90 3906 186 3973 mim
199 3907 291 3972 oiroa
304 3905 472 3970 Avernum
487 3904 596 3969 aditus
611 3903 657 3969 ed·
668 3923 743 3969 eam
756 3925 788 3969 v.
803 3903 879 3969 238.
924 3902 963 3967 In
982 3904 1080 3988 hujus
1094 3922 1171 3986 spe·

90 4024 173 4073 moae
196 4007 289 4072 editu
313 4026 444 4071 socrum
464 4005 589 4082 seoinnt
601 4026 635 4070 v.
649 4005 716 4069 242
729 4026 817 4089 sqq„
840 4005 1095 4070 amedienocte
1109 4003 1171 4067 iter

90 4108 272 4181 mamad
286 4108 414 4173 inferos
427 4107 612 4187 instituunt,
625 4108 701 4172 255.
714 4108 791 4174 262.
835 4107 1010 4174 Postremo
1028 4105 1102 4169 haeo
1124 4101 1170 4169 ad
1305 4142 1309 4151 ·

135 4248 224 4316 Μὰ.
232 4254 257 4300 et
271 4249 328 4301 Vm.
340 4250 406 4299 Gla.
598 4247 668 4311 l'irg.
1033 4243 1104 4298 111.
