2664 4686
60 378 70 385 μ
108 298 197 368 lose
532 306 731 359 nxcuasus
753 306 804 357 iv.

112 455 287 544 Deiphobo.
302 456 348 522 V.
364 457 456 521 Serv.
471 455 516 520 ad
533 472 574 534 n,
587 457 643 521 17.
665 455 713 519 uti
726 472 865 537 quoque
884 453 923 517 in
933 450 1079 533 Tagrus
1094 436 1149 517 (iti

108 565 319 635 memorabar,
334 578 368 622 v.
385 578 416 622 c.
433 556 547 640 Eurip.
562 554 688 620 Tmad,
703 556 726 620 9
739 574 792 638 sq.

153 659 221 724 Sed
236 659 366 741 gravior
380 658 568 723 observatio
582 658 667 721 forte
681 661 734 720 est
754 656 824 733 illa,
837 674 908 740 qua
920 661 994 720 arte
1007 648 1149 738 potatu

110 763 177 827 lam
190 780 247 842 per
262 780 298 823 se
313 761 473 842 puerilem
486 764 521 824 et
534 759 659 823 nullam
674 755 843 833 astaram
864 758 1043 822 habentem
1064 758 1149 821 ita!

110 861 241 940 tavcrit,
253 867 292 924 ut
304 860 386 924 nihil
398 880 458 924 nos
472 862 507 925 in
521 879 563 925 aa
577 858 733 938 offendat,
741 859 846 924 multa
858 859 1035 923 delectent.
1058 852 1149 923 sunu

109 961 184 1026 dixi
196 963 355 1045 puerilem
369 966 403 1026 et
415 982 475 1047 per
499 982 537 1026 se
560 982 678 1046 pamm
701 960 923 1046 probabilem
945 960 1010 1023 etsi
1032 960 1149 1043 iutupt

110 1063 200 1127 tione
223 1080 286 1125 sua
298 1080 373 1125 eam
388 1061 508 1145 juvare
533 1064 642 1127 conati
665 1063 730 1127 sint
749 1062 843 1125 multi
863 1063 965 1125 etiam
987 1062 1149 1125 innam

111 1161 204 1228 Vide
217 1163 271 1228 vel
285 1164 378 1228 Serv.
394 1169 428 1228 et
443 1161 583 1228 Cerdam
598 1164 640 1227 ad
654 1164 688 1228 h.
703 1163 726 1228 l.
741 1169 774 1228 et
786 1163 885 1247 plura
897 1162 985 1225 satis
998 1162 1149 1244 nepa·

111 1267 217 1348 &tata
238 1285 295 1350 ap.
326 1265 476 1329 Licetum
501 1263 653 1329 Gemmis
676 1262 837 1329 Aunular.
866 1282 902 1347 p.
923 1263 993 1326 310
1019 1281 1097 1345 sqq.
1136 1256 1149 1323 -1

111 1366 201 1431 haud
223 1367 323 1432 dubie
347 1368 383 1430 in
397 1368 517 1431 veteris
541 1366 685 1431 Graeciae
705 1366 820 1449 prisco
837 1382 1003 1441 sermone,
1024 1360 1149 1427 audace

110 1467 289 1533 insolentes
303 1466 425 1551 figmas
450 1471 607 1544 sectante,
631 1467 776 1531 obscura
799 1464 899 1549 hujus
922 1462 1014 1547 Equi
1028 1458 1149 1545 origo!

112 1568 214 1648 Quod
227 1577 336 1635 tamen
352 1590 405 1634 me
419 1570 453 1633 iu
475 1570 538 1633 hac
567 1567 682 1632 sabula
704 1567 808 1633 multo
833 1565 941 1648 magis
965 1570 1069 1641 tenet,
1082 1556 1149 1629 cul

112 1672 200 1755 quod
215 1673 271 1737 ille
287 1671 402 1756 Equus
417 1670 551 1736 Palladi
565 1670 633 1736 voti
648 1688 753 1734 causa
768 1667 909 1733 offertur.
953 1665 1063 1744 Nam,
1078 1666 1110 1729 si
1127 1660 1149 1729 l

111 1775 204 1850 tuno,
220 1772 394 1857 Equestris
407 1773 455 1836 rei
471 1773 611 1851 auctori,
625 1768 737 1855 Ἱππίῳ,
748 1775 979 1836 consecratum
992 1767 1147 1845 videm,

111 1873 257 1939 mirarer.
302 1871 402 1952 Quod
418 1874 532 1937 Pallas
557 1875 681 1938 artibus
707 1877 840 1957 praest,
858 1870 896 1935 id
919 1875 1050 1935 annm
1064 1868 1110 1933 ad
1122 1886 1149 1933 1

112 1974 201 2040 cium
225 1976 303 2058 oqui
325 1976 415 2057 liguo
437 1975 517 2039 sacti
541 1977 703 2059 pertinere
725 1981 847 2059 potest.
904 1966 963 2036 Au
984 1990 1108 2055 equus,
1128 1988 1149 2035 ι

112 2076 300 2161 symbolum
315 2075 409 2162 (nam
423 2078 668 2160 navigationem
691 2076 895 2160 antiquiores
914 2093 976 2157 per
990 2072 1149 2156 equitatio

113 2179 369 2262 adumbrabant3
391 2185 428 2245 ut
441 2180 524 2244 sorte
537 2181 601 2244 hoc
617 2182 691 2262 ipso
714 2184 822 2244 orbim
835 2177 997 2254 videatur,
1012 2172 1108 2259 quod
1115 2172 1149 2245 ,1

112 2286 210 2345 tunus
224 2301 344 2366 equum
358 2280 560 2364 produxisse
577 2278 729 2362 proditus
743 2276 823 2362 est),
838 2296 899 2360 pro
910 2272 1149 2358 navigatione!

114 2379 285 2446 dedicatus
298 2382 385 2447 fuitt
412 2380 546 2445 Palladi
560 2384 681 2456 autem,
691 2380 774 2461 quia
786 2396 828 2441 ea
841 2374 919 2440 Dea
930 2373 1149 2460 propterabl!

115 2478 305 2546 Palladium
328 2485 400 2545 erat
423 2479 613 2562 placandat
646 2477 793 2560 Navigio
818 2477 918 2542 otiam
941 2476 1149 2559 actuadoeq

113 2581 289 2645 assimulat
304 2580 418 2663 Eurip
433 2579 557 2645 'lhoad
573 2581 638 2646 538
659 2581 696 2644 in
714 2579 807 2645 chori
821 2578 945 2655 verbis,
961 2596 1041 2661 quaa
1055 2575 1149 2661 antiq

114 2699 297 2746 sermonem
312 2680 377 2744 tere
392 2680 600 2761 aemulantum
624 2681 668 2746 ad
681 2681 779 2745 navis
792 2680 892 2745 etiam
906 2678 1045 2744 modum
1068 2684 1103 2744 ct
1116 2678 1149 2745 'rt

113 2798 189 2844 uem
204 2798 226 2843 a
238 2780 424 2844 vectoribus
438 2781 577 2846 insessae
592 2781 737 2847 effictum
750 2801 826 2846 eum
839 2780 978 2845 exhibet
992 2780 1149 2867 Tryphiot'

114 2879 169 2945 62.
185 2878 262 2945 181.
299 2878 401 2958 Quod
413 2900 493 2944 vero
508 2881 542 2945 in
555 2879 699 2965 Virgilio
713 2883 829 2946 fabula
841 2901 899 2965 per
912 2900 950 2945 se
962 2881 1080 2966 inepta
1092 2882 1149 2968 pl·

113 2984 233 3064 potest,
248 2980 284 3047 id
297 2979 436 3047 officitur
449 2983 593 3065 primum
616 2981 690 3065 ojus
713 2982 926 3066 antiquitatc3
949 3000 1030 3045 nam
1053 2984 1090 3046 in
1111 3000 1149 3046 mr

114 3083 238 3167 mythis
260 3083 324 3148 hoc
347 3103 428 3148 suus
442 3102 605 3166 quemquo
628 3102 747 3147 sensus
772 3083 891 3147 docere
912 3087 1036 3165 potest,
1058 3101 1127 3166 quo
1145 3100 1149 3166 1

113 3181 225 3264 plores
254 3184 303 3247 illi
331 3203 438 3248 rorum
466 3184 700 3269 hominumque
726 3185 907 3270 originibus
932 3185 1149 3268 priscaque*

116 3287 288 3367 asperitati
311 3291 367 3349 aut
396 3286 604 3368 simplicitati
627 3287 703 3365 sint,
726 3307 767 3351 eo
796 3287 926 3351 facilius
948 3288 1049 3351 iniis
1073 3285 1148 3351 ferri

117 3403 233 3467 parum
257 3385 445 3469 probabiles
461 3386 517 3462 (cl.
533 3387 592 3450 ins.
607 3386 650 3450 ad
675 3404 731 3466 111,
746 3388 813 3453 209
833 3394 867 3452 et
891 3384 989 3470 250);
1012 3392 1083 3450 tum
1105 3393 1149 3452 tra

116 3485 204 3550 tione
219 3487 384 3570 sapienter
398 3490 431 3550 et
445 3505 564 3568 magno
579 3508 655 3552 cum
672 3487 801 3572 judicio
824 3487 978 3552 instituta
998 3487 1103 3569 poeta
1117 3507 1149 3552 or

117 3588 160 3651 ab
185 3581 291 3651 oculis
315 3588 463 3664 removit,
478 3609 555 3673 quae
579 3595 747 3654 attenuare
768 3609 837 3653 rem
863 3595 897 3654 et
919 3587 1051 3653 officere
1074 3587 1149 3671 dign

116 3689 223 3772 epicae
238 3693 405 3770 poteraut3
429 3695 542 3754 contra
554 3690 659 3756 multa
673 3682 842 3774 apposuit,
858 3709 934 3774 quae
950 3689 994 3753 ad
1008 3689 1150 3773 probabi

115 3797 182 3855 tem
197 3787 333 3866 saciunn
356 3808 496 3872 cumque
510 3790 660 3872 inprimis
684 3791 744 3855 vix
760 3776 802 3873 ,iu
828 3790 1065 3855 stolidissimos
1078 3791 1149 3855 horu

117 3890 235 3956 cadere
249 3889 409 3966 videatm,
424 3896 461 3953 ut
475 3893 640 3973 patiantur
654 3892 720 3955 sibi
744 3897 814 3957 tam
827 3899 954 3975 nupem
969 3891 1125 3967 fraudem
1143 3899 1149 3953 l

117 3995 164 4068 ut,
189 3991 378 4075 suspicione
401 3989 443 4054 de
457 3993 536 4055 viris
555 3994 590 4056 in
612 3993 712 4078 Equo
736 3992 880 4058 conditis
902 3992 1005 4057 semel
1019 3998 1103 4071 orta,
1117 3996 1149 4057 a

119 4105 196 4157 eum
213 4093 297 4160 iutra
309 4093 435 4161 moenia
457 4093 630 4177 recipiant,
645 4095 765 4161 callide
784 4093 888 4179 polita
907 4095 1138 4180 pleramque
