2664 4686
460 314 512 365 au
534 313 709 367 assinos
734 314 808 364 urs.
831 316 883 364 vr.
1134 301 1222 369 4231

111 448 323 533 Jmhmus
335 462 474 528 meliora
485 461 607 528 menet'
633 460 811 548 (tauquam
824 460 1076 529 iureconsultus
1090 462 1221 548 aliquis,

112 569 176 655 qui
189 566 340 651 Primipi
358 565 571 647 cognoscenti
585 561 682 629 adest
695 582 755 628 san
768 562 895 629 assidet
914 564 948 629 iu
970 560 1126 649 consilio)
1146 568 1157 598 ‘
1172 585 1221 630 re

113 686 256 755 gamus
269 674 439 736 erasmum
453 664 653 751 Temperat'

502 1016 820 1033 m

336 1288 344 1303 ·
427 1269 775 1347 EXCURSUS
814 1267 912 1346 xl:

180 1515 300 1569 osam
318 1514 505 1569 saccmca
520 1514 721 1570 POH'ARUM
738 1517 867 1570 eslans
884 1516 1158 1570 rasnavmanm.

158 1709 213 1774 vr,
227 1694 411 1761 517-519.
427 1693 540 1775 ‘nia’
552 1694 720 1783 (Helena)
734 1700 745 1732 ‘
760 1696 896 1765 cherum
909 1696 1082 1778 simulans,
1089 1701 1224 1763 evantes

111 1797 210 1880 orgia
222 1796 349 1861 οἱιοιιιιι
362 1795 518 1864 Ducebat
532 1798 695 1885 Phrygias
706 1819 717 1882 3
739 1799 906 1865 dammam
924 1799 1036 1866 media
1047 1801 1126 1885 ipsa
1138 1804 1225 1865 tene·

110 1898 175 1963 hat
196 1897 380 1983 Ingentem,
392 1905 428 1964 et
448 1918 578 1967 samma
598 1900 737 1966 Darraes
759 1922 804 1968 ex
823 1920 900 1968 arce
920 1901 1082 1969 vocabas’
1124 1900 1225 1967 Cem-

110 1998 271 2066 mandavi
284 2001 322 2064 iu
334 2000 427 2067 Nota
440 2002 517 2081 hee,
532 2022 593 2067 seu
614 2003 809 2088 antiquioris
831 2023 891 2067 seu
911 2005 1013 2070 nemi
1033 2005 1157 2089 poetas,
1176 2004 1225 2069 in·

110 2106 261 2180 marm,
284 2104 374 2187 qnod
395 2105 601 2188 probabilem
622 2105 769 2188 aliquam
791 2107 952 2171 ratieuem
971 2107 1123 2190 apponit,
1143 2122 1224 2189 que-

109 2202 217 2269 modo
229 2204 299 2269 iieri
315 2206 468 2288 potuerit,
483 2210 523 2270 ut
536 2205 669 2270 Helena
681 2205 756 2270 iace
777 2226 822 2270 ex
844 2224 921 2271 arce
935 2206 1069 2271 sublata
1083 2203 1224 2270 Achivis

110 2304 245 2387 siguum
258 2305 351 2371 daret
365 2308 457 2370 urbis
478 2306 663 2392 capiendae.
709 2304 799 2372 luter
820 2306 1023 2387 orgiacum
1043 2311 1144 2371 ueetu
1165 2304 1224 2371 ha·

108 2404 184 2471 hita
197 2405 328 2473 facibus
341 2409 491 2472 accensis
512 2408 597 2471 iuter
617 2405 906 2471 discursitatieues
926 2406 1159 2473 bacchantium
1173 2406 1223 2473 ia·

110 2506 179 2571 ciie
203 2508 302 2572 latere
328 2509 436 2591 potuit
460 2507 587 2592 perfida
610 2505 727 2570 mulier
754 2505 861 2569 facem
889 2507 1066 2572 exitiosam
1090 2508 1222 2573 tollens.

110 2605 190 2673 Nec
205 2610 291 2674 maie
305 2610 493 2674 Bacchicus
507 2610 633 2672 thiasus
647 2608 801 2673 convenit
821 2609 911 2672 nocti
932 2610 1015 2672 inter
1032 2607 1177 2692 tripudia
1191 2614 1224 2674 et

109 2716 231 2774 cautus
245 2717 387 2788 exactoe,
403 2731 479 2775 cum
493 2709 700 2773 obsidionem
714 2710 857 2773 solutam
868 2728 943 2772 esse
957 2707 1125 2774 crederent
1137 2709 1222 2775 Tro·

105 2810 195 2895 jani.
235 2810 280 2873 V.
291 2810 408 2890 Quint.
424 2812 484 2876 lib.
501 2827 576 2875 x111
591 2831 641 2894 pr.
657 2830 732 2874 eum
745 2810 878 2874 emuiue
892 2811 1028 2874 solenne
1043 2811 1088 2876 sit
1098 2810 1222 2895 poetis,

86 2906 91 2915 ’
110 2912 239 2996 gaudia
253 2921 286 2978 et
300 2914 439 2978 chereas
454 2913 487 2974 iu
501 2912 618 2977 laetitia
640 2911 775 2994 publiea
796 2930 872 2974 cum
891 2910 1007 2974 thiasis
1023 2911 1151 2977 Bacchi
1166 2918 1225 2977 aut

109 3034 309 3098 comparare
332 3020 390 3080 aut
411 3012 631 3090 coufundere;
656 3012 882 3093 arripiuntque
898 3010 947 3073 illi
961 3012 1035 3075 haec
1054 3018 1145 3076 tanto
1167 3033 1224 3077 cu·

109 3116 237 3201 pidius,
261 3118 342 3199 quia
365 3135 426 3179 uec
450 3116 483 3178 iu
505 3114 602 3198 poesi
626 3133 687 3176 nec
712 3113 747 3176 in
771 3110 932 3175 coelatura
956 3111 1135 3195 quicquam
1160 3119 1222 3192 est,

111 3217 206 3303 quod
219 3218 317 3301 plura
330 3219 502 3300 magisque
514 3217 641 3281 variata
652 3219 845 3279 emameuta
859 3211 1059 3296 suppeditet.
1082 3212 1222 3279 Podtam

111 3318 157 3385 ad
167 3319 367 3404 phantasma
381 3320 444 3383 hec
460 3319 624 3382 adducere
639 3319 760 3402 potuit,
775 3316 829 3380 vei
844 3334 929 3379 unus
945 3314 1115 3398 Euripidis
1127 3315 1223 3380 locus

110 3422 148 3487 iu
160 3420 288 3487 'l'read
303 3423 369 3486 5⁴2
384 3421 428 3486 ad
443 3423 519 3485 554.
565 3419 741 3485 Enimvero
756 3424 807 3484 est
824 3419 891 3484 alia
905 3418 1107 3495 observatio,
1122 3436 1222 3502 qnam

111 3522 294 3608 adjungam
319 3523 555 3591 adinventum
579 3523 731 3588 Maronis
757 3529 849 3587 tauto
874 3521 994 3585 melius
1019 3519 1223 3604 perspicien-

111 3624 204 3690 dnm.
248 3625 464 3709 'lhagicerum
484 3627 652 3706 messuit,
675 3633 744 3690 tum
767 3623 1023 3690 etiamalierum
1037 3622 1222 3707 poetarum,

65 3698 224 3792 ''uaudi
247 3729 349 3810 orgiis
372 3729 552 3803 Bacchicis
574 3730 618 3792 ad
641 3728 851 3811 exequendas
874 3746 926 3790 res
950 3725 1083 3789 occulta
1105 3724 1222 3788 fraude

112 3829 342 3911 peragendas.
375 3830 433 3894 Sic
448 3830 539 3915 apud
552 3829 767 3912 Euripidem
758 3850 792 3891 m
806 3825 954 3911 Antiope
970 3826 1082 3903 Dirce,
1096 3826 1221 3888 discur-

114 3928 266 3996 siiatioue
281 3952 340 4016 per
354 3933 469 4017 sylvas
482 3933 566 3997 iuter
580 3933 681 4014 orgia,
703 3930 813 4014 petita
831 3936 901 3993 crat
916 3927 1066 4010 Antiopa
1079 3923 1164 4009 (qua
1179 3923 1221 3989 da

113 4048 148 4093 rs
168 4030 337 4118 disputata
357 4033 435 4099 vide
457 4034 504 4117 d
524 4035 654 4115 siguum
678 4032 780 4095 Tauri
805 4030 958 4095 Famesii
978 4027 1068 4111 qued
1082 4032 1216 4104 vocant,

116 4128 284 4218 Antiquae
309 4131 734 4218 Aestus·1rscp.206
754 4130 864 4217 seqq.)
921 4130 980 4195 Sic
1004 4130 1039 4195 iu
1065 4127 1130 4195 Ine
1151 4127 1220 4193 Eu·
