2664 4686
104 272 205 340 tm·
251 293 253 296 ·
424 281 619 334 aracaeus
644 278 861 335 rataroaurr

125 490 133 501 .
151 435 376 501 1511111011
398 436 564 513 exemplum
580 435 684 512 'bujr'rs
707 433 747 493 ab
762 430 896 512 'Angelio
918 430 1136 501 -emenrlstnm,
1161 447 1204 489 mc

127 545 245 611 ,tamen
270 533 300 592 in
323 532 422 592 multis
439 531 523 603 locis,
544 542 610 589 esse
630 528 870 607 liBrariisopetis
882 527 1066 590 traditum.
1089 528 1205 589 aaut
1252 542 1254 559 ¹

148 650 236 709 porro
251 638 337 688 aunt:
360 628 511 689 Benedicti
524 627 666 707 philologi
678 625 885 702 (Benedettoil
900 624 1040 703 filologo,
1055 624 1120 684 rid.
1130 624 1206 703 ruga

147 725 221 786 ibid.
236 745 303 804 pag.
318 734 368 796 92.
383 735 414 785 et
427 726 507 785 lunt.
521 725 656 803 Typogr.
675 742 743 802 pag.
758 719 823 795 60.)
842 722 896 782 riri
918 721 1096 800 peritissimi
1115 720 1200 781 istu

128 860 131 865 ι
148 822 249 900 gilium
264 821 477 882 annotationes.
508 821 595 879 'Sunt
616 838 660 878 ese
675 837 781 896 paucas
795 837 925 888 numero,
939 816 1149 894 gramamtiet
1159 815 1207 875 tae

149 918 329 990 subtilitatis,
354 917 403 977 sed
420 937 474 996 pro
487 917 543 976 illia
558 915 742 994 temporibus
755 934 815 975 aon
829 913 1076 974 contemnende.
1119 911 1207 989 tteqt

149 1014 232 1075 ciunt
246 1035 294 1075 eas
307 1015 412 1093 passim
427 1014 479 1073 viri
493 1006 584 1084 docti,
598 1023 630 1072 et
641 1020 775 1090 receptas
786 1016 823 1070 e'x
833 1010 868 1070 iis
878 1009 1029 1070 lectiones
1038 1010 1208 1088 impugnat,

129 1161 133 1167 .
150 1120 184 1171 ut
197 1112 261 1175 Bel.
278 1127 355 1171 vrrr.
370 1119 421 1180 77.
443 1111 550 1181 Necte,
565 1109 719 1188 Amarylli,
734 1106 850 1168 nodos!
879 1107 956 1168 Ant.
972 1105 1141 1167 Francicus
1151 1106 1208 1162 Var-

138 1207 278 1268 cbienris
291 1207 466 1267 correctoris
478 1207 579 1267 munia
593 1206 673 1284 apud
688 1207 792 1265 Juntas
805 1203 929 1284 gessisse
939 1202 1072 1273 ridetur,
1086 1200 1209 1278 idemque

150 1312 181 1363 et
195 1314 306 1364 tertam
321 1305 350 1364 ia
364 1305 486 1365 Juutina
499 1304 598 1364 Taciti
620 1323 667 1362 au.
695 1311 782 1372 1597.
812 1297 1039 1371 Beroaldinum,
1059 1309 1092 1360 et
1109 1306 1208 1359 testam

152 1400 282 1460 Suetonii
295 1401 323 1460 in
336 1402 354 1460 J
358 1402 457 1461 antina
470 1420 518 1460 an.
546 1409 634 1460 1515.
656 1397 831 1460 emendavit.
874 1397 945 1456 Nic.
959 1395 1120 1475 Angelius,
1133 1395 1209 1470 cuja

148 1495 265 1573 judicio
279 1497 327 1556 ille
343 1518 411 1556 usus
425 1509 471 1557 est
483 1499 513 1556 in
528 1497 713 1557 emendando
722 1495 852 1573 Virgilio,
866 1493 1009 1571 princeps
1024 1490 1211 1552 curatorlco·

153 1592 222 1651 tinae
235 1592 333 1653 Plauti
346 1613 393 1653 aa.
412 1602 498 1654 1514.
512 1593 577 1652 suit.
600 1593 777 1652 Benedictus
788 1589 963 1668 philologus
985 1589 1080 1648 etiam
1092 1587 1218 1648 Juat'utt'

153 1689 282 1749 Terentii
314 1689 434 1766 praefuit
464 1709 500 1749 ac
530 1688 669 1767 praefatus
690 1697 744 1747 est.
787 1686 924 1746 Ceterurn
948 1686 1111 1764 separatim
1135 1683 1210 1744 etism

153 1792 234 1841 extat
249 1785 476 1861 Mapbaei·Vegii
490 1785 564 1844 liber
578 1804 650 1842 cum
661 1781 810 1843 Analectis
824 1782 1001 1860 virgilianis.
1045 1779 1136 1842 Conl.
1148 1780 1212 1839 111-

128 1928 131 1933 .
154 1894 204 1935 zer
215 1877 304 1936 Tom.
316 1893 379 1936 vn.
395 1897 462 1955 pag.
478 1887 527 1941 33.

112 2005 154 2018 -
167 1974 278 2052 Opera.
302 1974 446 2045 ‘Parisiia
469 1975 546 2053 typis
571 1975 726 2034 Micha'e'lis
747 1974 953 2035 lcacbancber
973 1973 1003 2032 ia
1018 1973 1121 2033 Platea
1134 1971 1212 2032 blaa·

118 2065 120 2068 ’
147 2070 251 2130 berti!
271 2079 301 2131 4.
343 2071 455 2130 Panzer
468 2072 555 2131 Tora.
571 2086 651 2129 v111.
667 2089 734 2147 pag.
749 2069 799 2130 68.

113 2199 154 2213 —·
167 2168 279 2246 Opera.
302 2173 310 2200 '
323 2167 497 2244 Argentinae
519 2167 548 2226 in
571 2167 693 2226 aedibus
708 2166 846 2225 lobannis
858 2164 1044 2224 Knobloucb
1057 2183 1127 2224 aere
1139 2181 1212 2223 com·

155 2263 235 2322 muni
245 2264 327 2323 Pauli
342 2265 451 2333 Goetz,
466 2282 563 2321 mense
572 2262 696 2321 Octobri
713 2265 838 2319 1111111.1
853 2268 881 2320 8.
905 2261 1019 2319 Panser
1029 2276 1081 2319 vr.
1095 2265 1212 2338 pagus.

114 2390 155 2402 -
170 2360 337 2418 Bucolicum
353 2361 455 2418 decem
470 2361 656 2434 AEclogarum
670 2375 755 2434 opus.
778 2357 802 2413 Ι.
818 2356 848 2413 S.
872 2355 1015 2428 (loannes
1031 2355 1214 2435 Singrenius.)

156 2455 190 2512 ln
205 2453 281 2515 tine:
314 2457 459 2515 ‘Vieune
486 2459 611 2514 maxx!
633 2465 660 2513 4.
714 2453 805 2511 Denis
830 2452 927 2512 Wiens
953 2452 1213 2528 Buclrdruckerge·

156 2550 289 2610 schicbte
309 2571 337 2627 p.
354 2561 422 2612 205.
465 2552 578 2610 Pauzer
591 2551 679 2609 Tam.
697 2567 745 2609 tx.
761 2569 829 2627 pag.
842 2557 892 2610 42.
913 2591 915 2595 ν

115 2646 317 2715 -Bucolica,
343 2667 410 2706 cum
425 2646 560 2705 familiari
574 2646 756 2722 expositione
771 2647 873 2705 Herm.
886 2644 1072 2704 Torrentini.
1091 2652 1212 2705 15114.

157 2761 180 2799 1.
197 2741 216 2798 Ι.
231 2750 261 2799 et
274 2752 389 2819 typogr.
431 2744 543 2801 Paazer
556 2743 644 2800 Tom.
660 2758 710 2799 lx.
726 2761 794 2820 pag.
811 2739 878 2804 126.

117 2870 157 2879 -
170 2835 308 2895 AEueidm
332 2837 398 2895 libri
422 2837 590 2908 duodecim,
613 2840 734 2897 summis
750 2849 829 2898 certe
851 2839 955 2916 vigiliis
969 2838 1134 2918 laboreque
1145 2852 1213 2916 prt-

157 2951 262 3011 magau
275 2933 420 3011 castigati.
463 2934 673 3010 ‘Argentiaac
706 2933 1109 2994 Exaedibusscburerianis
1122 2935 1213 2993 Messe

146 3030 232 3089 ‘lulio
247 3033 335 3090 Auno
347 3049 366 3089 a
376 3031 492 3092 Christo
505 3041 575 3090 nato
591 3048 707 3090 rrnxx.
751 3031 824 3090 Usui
839 3029 1049 3089 studiosorum.
1073 3031 1124 3089 Dii
1135 3037 1214 3106 cepta

158 3127 337 3187 secundent!
358 3137 387 3185 4.
428 3129 539 3186 Panzer
553 3129 641 3187 Tom.
657 3145 706 3186 xr.
722 3148 787 3206 pag.
802 3125 872 3187 364.

122 3232 192 3285 1541
220 3224 330 3301 Opera.
353 3224 519 3301 ‘Lugduni,
539 3225 568 3282 in
583 3224 808 3302 chalcographia
824 3222 963 3282 Guilelmi
979 3223 1093 3301 Huyon
1107 3223 1214 3300 impr&

159 3320 231 3378 soris
245 3320 336 3380 seduli
351 3337 482 3381 11111111.
505 3322 616 3380 biensis
638 3322 723 3380 lulli.¹
745 3331 772 3382 8.
814 3321 927 3379 Pauzer
942 3320 1040 3379 Tom.
1066 3336 1131 3379 vu.
1151 3337 1211 3397 pag.

159 3423 229 3475 332.
344 3442 349 3451 ·

119 3511 320 3584 -Bucotica,
350 3533 416 3572 cum
442 3515 597 3574 verborum
622 3522 761 3574 contextu
788 3513 816 3571 in
841 3512 971 3590 poetices
995 3511 1209 3590 tyrunculorum

160 3607 349 3669 sublevamen
362 3630 416 3688 per
430 3613 530 3671 Herm.
544 3612 750 3672 Torrentinum
765 3610 869 3670 triviali
882 3609 948 3668 stilo
963 3609 1148 3669 familiariter
1159 3605 1210 3664 dis·

160 3721 256 3765 cussa.
297 3709 331 3766 lu
355 3707 429 3766 tine:
463 3710 660 3788 ‘impressum
674 3711 802 3767 Viennae
816 3706 982 3765 Pannoniae
1004 3725 1061 3784 per
1081 3707 1209 3764 loannem

159 3801 352 3880 Singreaiurn.
394 3805 537 3882 Erpensis
559 3807 638 3864 Luca
659 3806 767 3864 alaniae
782 3808 868 3862 Arrno
881 3802 995 3862 domini
1009 3818 1144 3861 11111111.
1181 3800 1209 3856 la

160 3900 208 3961 die
229 3898 335 3959 Ciriaci
358 3901 512 3978 martyris!
531 3905 560 3961 4.
602 3902 692 3960 Denis
715 3901 811 3958 Wieus
838 3898 1209 3978 Bucbdruclrergcacbicbte

162 4017 230 4075 pag.
246 4004 315 4066 219.
329 4016 391 4074 seq.
433 3998 544 4057 Panzer
556 3999 646 4058 Tom.
662 4015 711 4057 tx.
733 4016 800 4074 pag.
815 4005 865 4056 45.

122 4122 160 4136 -
175 4093 210 4152 P.
223 4093 333 4172 Virgilii
347 4094 424 4155 Mar.
440 4093 550 4154 Andini
565 4093 734 4155 bucolicum
749 4092 853 4153 decem
868 4092 1047 4171 agloganrm
1058 4111 1136 4171 opus
1147 4085 1207 4150 nulli
