2664 4686
459 134 522 182 ‚in
545 131 742 184 nuconrcn.
1070 113 1157 183 w

59 264 247 365 Enphqbn
261 276 407 345 Varroni
420 284 454 344 et
467 281 661 347 columella
676 280 757 345 inter
770 279 948 362 scriptores
961 278 1010 342 rei
1022 281 1157 345 rusticae

54 384 263 461 numeratu13
289 380 366 446 ideo
393 401 524 448 carmen
549 383 630 447 iliud
655 383 786 447 nomine
812 378 941 445 Hesiodi
966 383 1159 466 inscriptum

58 479 159 575 ιιιίοςιι
188 483 300 545 visum
327 489 401 564 est3
436 490 470 549 et
496 490 547 549 est
573 503 627 568 ap.
657 483 797 547 Suidam
825 485 907 546 inter
936 481 1159 565 Euphorionis

58 584 186 666 scripta
214 581 356 657 Ἡσίοδος.
407 585 575 668 Georgica
599 586 706 650 inisse
733 585 814 649 illud
843 590 984 649 censent.
1035 585 1160 649 verum

59 702 131 747 curn
162 693 353 766 argumento
382 685 447 750 hoc
475 706 592 770 parum
622 688 821 750 conveniunt
848 706 962 750 versus
992 686 1158 770 subjecti:

59 785 153 854 ‘His
167 788 232 851 tihi
247 786 370 873 Grynei
390 790 535 854 nemoris
556 791 685 854 dicatur
706 789 820 871 orig0‚'
833 795 893 854 &c
920 791 999 873 quid
1020 791 1107 855 enim
1124 794 1159 857 in

60 888 117 952 tali
140 891 285 953 carmine
307 893 485 956 convenire
507 893 616 975 potuit
637 911 712 955 cum
727 889 925 973 Georgicisi
969 889 1159 956 Videndum

60 990 174 1074 itaque
187 997 238 1057 eet
251 991 293 1056 de
307 992 360 1056 his
375 994 476 1077 paulo
490 993 690 1076 diligentius.
743 981 744 986 ἵ

103 1088 300 1176 Euphorion,
316 1092 473 1158 Chalcide
489 1093 639 1173 Euboean,
656 1101 694 1160 ut
707 1096 792 1173 dixi,
815 1095 982 1174 oriundus,
1006 1095 1163 1162 Antiochi

62 1190 112 1258 M.
132 1195 223 1277 ragis
245 1195 351 1280 Syriae
375 1196 584 1262 bibliotheca
611 1197 803 1280 praefectus,
826 1217 947 1279 magua
969 1197 1048 1262 olim
1071 1197 1164 1263 fama

61 1298 182 1363 floruit.
226 1297 281 1362 De
299 1316 341 1362 eo
364 1297 582 1381 parthicum.
598 1297 643 1362 ad
666 1298 858 1363 Helladium
879 1298 986 1384 (Opp.
1000 1305 1080 1364 tom.
1095 1296 1163 1383 vr),

62 1397 215 1465 etvoss.
238 1398 371 1463 dehiet.
392 1397 451 1464 Gr.
467 1418 493 1477 ι,
509 1402 564 1478 17,
587 1402 676 1465 etde
699 1400 791 1483 poiit.
806 1401 875 1466 Gr.
901 1421 932 1466 c.
956 1401 978 1466 8
1002 1420 1079 1465 cum
1100 1399 1165 1465 Ga·

62 1502 157 1567 saub.
180 1500 225 1565 ad
237 1499 339 1567 Suet.
353 1500 429 1565 Tib.
444 1502 500 1578 ⁷0,
523 1508 557 1567 et
572 1501 690 1567 Daris.
705 1502 749 1566 ad
775 1500 848 1567 Cic.
875 1502 917 1566 de
940 1501 986 1567 N.
999 1502 1044 1568 D.
1062 1519 1103 1580 ιι,
1119 1501 1165 1566 64

63 1604 128 1685 egit
149 1600 303 1685 Toupiue
325 1601 359 1664 in
380 1599 489 1683 Epist.
504 1604 577 1668 crit.
592 1624 628 1686 p.
642 1603 719 1682 161,
745 1602 936 1688 (Emendat.
960 1622 1060 1669 norae
1086 1603 1164 1668 edit.

63 1703 161 1771 Toni.
177 1718 220 1780 ιι,
240 1722 276 1787 p.
287 1698 374 1778 ⁴601)
392 1705 426 1765 et
439 1703 498 1786 qni
513 1703 592 1781 alia,
612 1723 713 1787 quam
736 1703 772 1767 in
790 1724 866 1788 quae
882 1706 912 1769 is
932 1706 1101 1783 inciderat,
1116 1710 1166 1771 at·

63 1805 148 1881 tulit,
169 1801 376 1867 Fontaninus
389 1804 424 1867 in
438 1803 533 1868 Hist.
548 1804 611 1870 litt.
626 1803 774 1887 Aquilai.
797 1827 832 1889 p.
847 1808 892 1872 29
905 1827 980 1889 sqq.
1026 1807 1165 1872 Deside-

64 1911 153 1971 ratur
174 1910 283 1969 tamen
304 1903 359 1968 vel
379 1904 431 1968 sic
447 1905 540 1988 justa
563 1905 605 1968 dc
624 1925 664 1969 eo
689 1908 933 1973 commentatio.
978 1908 1168 1972 Laudentur

66 2027 119 2090 ap.=
133 2005 253 2088 Staph.
269 2003 354 2086 Byr.
369 2011 403 2068 ct
417 2000 538 2067 Athen.
561 2004 785 2084 Euphorionis
799 2002 941 2073 Χιλιάδες.
986 2004 1047 2066 Est
1070 2024 1168 2087 porro

65 2109 107 2172 dc
121 2127 163 2173 eo
178 2105 292 2173 Suidae
307 2106 405 2169 locus
418 2105 452 2169 in
467 2101 626 2186 Εὐφορίων,
648 2104 684 2166 in
702 2121 768 2184 quo
789 2103 820 2165 ei
842 2103 1025 2171 tribuuntur
1047 2121 1168 2188 opera:

65 2207 208 2287 Ἡσίοδος,
230 2203 371 2281 Meritoria
388 2203 404 2282 i)
423 2200 572 2269 Ἄτακτα.
617 2199 784 2284 Mopsopio
805 2208 855 2267 est
876 2200 965 2265 idem
986 2210 1086 2287 atque
1106 2203 1169 2271 Ai-

66 2313 154 2391 tica;
175 2328 255 2374 narn
269 2308 438 2390 mtiquiua
451 2325 571 2370 nomen
590 2303 670 2368 illud
692 2303 755 2368 fuit
775 2306 818 2367 ab
840 2301 1009 2368 Oceanide
1029 2303 1169 2390 Mopso-

66 2414 142 2495 pia:
166 2411 216 2472 nai
232 2408 348 2493 ὀλάχος
363 2413 412 2473 τοῦ
427 2405 582 2487 ποιήματος
598 2402 771 2467 ἀποτείνεται
788 2408 826 2476 ιίς
839 2405 888 2480 τὴν
902 2404 1042 2482 Ἀττικήν·
1065 2404 1169 2491 (mule

67 2513 236 2598 adjectum
257 2512 294 2574 in
315 2510 421 2575 Suida
441 2507 580 2594 χιλιάδα,
601 2509 673 2591 jam
697 2507 839 2571 deletum
859 2527 880 2570 a
900 2507 1170 2592 Toupi0‚‘minus

67 2623 177 2679 tamen
191 2616 280 2678 bene.
289 2618 448 2677 mutatum
461 2613 499 2675 in
513 2607 675 2694 χιλιάδες.)
718 2609 926 2692 Respexerat
950 2611 984 2672 in
1007 2630 1049 2674 eo
1071 2630 1170 2696 opere

67 2717 200 2800 eosqui
214 2715 368 2798 deposito
383 2734 459 2777 eum
481 2713 716 2776 fraudaverant
740 2711 962 2793 docueratque
976 2732 1034 2775 eos
1048 2719 1171 2776 certam

66 2837 203 2902 poenam
233 2817 380 2881 daturos¹
395 2832 469 2878 essa
500 2814 643 2897 perjurii.
694 2812 776 2875 Inde
805 2812 966 2876 deductus
995 2814 1101 2876 suerat
1129 2812 1173 2876 ad

69 2916 256 3002 colligenda
270 2917 416 2991 oracula,
437 2936 515 2999 quae
531 2935 590 2998 per
604 2915 747 2997 spatium
761 2913 850 2976 mille
865 2931 1025 2976 annorum>
1041 2914 1172 2998 prodita

68 3026 170 3097 erant,
184 3024 219 3084 ct
232 3024 381 3095 eventus,
396 3019 553 3102 quasilla
566 3017 757 3080 habuerant.
804 3013 892 3078 Haec
908 3015 1024 3079 saltem
1039 3017 1121 3080 inter
1135 3036 1172 3083 se

70 3120 317 3206 quodammodo
339 3120 546 3184 conveniunt.
591 3115 639 3180 nt
665 3116 786 3179 Suidas
812 3122 869 3179 aut
892 3117 977 3179 male
1002 3114 1203 3202 exscripta·

69 3229 127 3287 aut
146 3221 345 3304 interpolata
368 3219 526 3302 subjicit:
554 3216 615 3280 εἶτα
629 3215 746 3300 συνάγοι
763 3218 808 3277 διὰ
821 3212 927 3298 χιλίων
942 3218 1008 3278 inin
1022 3221 1173 3305 χρησμοὺς

69 3320 325 3395 harundines:
351 3320 388 3383 de
403 3320 543 3383 oraculis.
552 3342 612 3405 per
628 3316 879 3382 millenariorum
896 3318 1051 3384 decursum
1067 3333 1175 3388 evento

66 3422 222 3509 probatis,
245 3423 373 3487 scilicet
387 3442 448 3487 suo
462 3428 500 3486 ut
513 3422 666 3504 quodque
681 3427 828 3503 tempore
848 3428 999 3484 eventum
1012 3424 1172 3503 habuerit,

71 3531 109 3591 ut
129 3542 226 3589 orsus
251 3522 335 3587 forte
358 3529 445 3589 esset
466 3524 584 3586 librum
600 3522 675 3585 iude
689 3522 733 3584 ab
748 3520 989 3603 Argonauticis.
1035 3524 1176 3589 Secutus

71 3629 105 3692 in
118 3626 183 3695 hoc
197 3630 268 3689 erat
281 3623 470 3708 Euphorion
490 3625 643 3708 exempla
658 3625 806 3700 aliorum,
830 3625 887 3705 qui
906 3625 1055 3709 χρησμοὺς
1077 3624 1175 3688 colle·

73 3734 211 3811 gerant:
242 3729 326 3791 inter
346 3746 431 3809 quos
452 3725 671 3789 Philochorus
693 3725 767 3802 suit,
798 3722 954 3789 Atthidos
977 3727 1126 3806 scriptor,
1150 3724 1177 3784 iv

72 3831 209 3918 τοῖςμςὶ
224 3830 361 3911 μαντικῆς
375 3824 421 3892 Δ’.
447 3847 502 3910 ap.
519 3826 688 3890 Plutarch.
709 3826 752 3888 do
766 3825 866 3909 Pyth.
889 3825 988 3888 Orac·
1010 3845 1045 3907 p.
1061 3824 1126 3888 403
1142 3842 1175 3890 E.

75 3930 279 4015 Sequiiurju
290 3929 375 3995 fine:
395 3929 447 3993 cini
462 3927 490 3992 ii
504 3924 609 4008 βιβλία
624 3922 654 3993 ι’·
672 3926 860 4012 ὶπιγρᾶᾠετοιι
875 3926 903 3987 δὲ
919 3933 934 4002 ἡ
949 3922 1060 4007 πέμπτη
1074 3930 1177 4012 χιλιὰς,
