2664 4686
106 308 195 375 ⁴23⁴
496 320 696 373 nnoonrur
718 310 825 374 w*
1157 356 1168 391 ,

107 467 181 533 tiitu
199 471 274 531 sunt
294 466 415 531 omniu.
459 465 637 533 Enimvero
658 468 706 533 itu
727 467 770 532 ud
790 468 988 533 miraculum
1007 467 1209 535 nomm

109 575 170 646 out,
191 568 232 645 si,
252 585 328 630 cnm
350 567 414 631 itur
436 568 575 650 ingressi
594 574 704 633 essent
721 570 794 653 jum
816 571 880 634 sub
902 568 1057 635 diluculi
1069 578 1213 656 mnu:

110 675 120 705 ‘
135 671 233 755 primi
253 670 317 732 sub
331 669 455 734 luminu
469 669 558 733 Solis
575 676 607 734 et
621 667 720 734 ortns’
734 688 768 734 v.
783 671 860 748 255,
872 689 960 734 nuno
976 675 989 705 ‘
1005 666 1207 756 Ananim

108 772 144 837 in
154 772 278 836 coelum
293 768 399 836 altius'
414 777 540 847 evectu,
556 771 610 835 dio
624 775 714 836 certo
735 789 776 836 uc
799 772 889 837 claro
905 770 1140 851 exonu'intn
1150 779 1207 838 ton

109 875 208 939 brovo
234 875 391 957 temporis
414 873 619 939 intervallum
641 878 768 938 tuntum
794 875 861 939 vim
890 875 1039 958 spatium
1059 872 1127 939 ruit
1145 894 1207 958 por·

110 982 234 1041 uctrim.
1254 994 1257 1009 ·

83 1060 86 1067 ’
154 1076 339 1143 Videamus
361 1096 451 1141 nuno
476 1075 612 1140 niteram
635 1076 804 1155 rationem,
830 1080 958 1141 utnon
980 1076 1106 1142 endem
1125 1083 1208 1142 nocto

110 1184 249 1265 pernota
262 1198 337 1243 osse
351 1178 463 1242 omnia
477 1177 639 1241 dicuntur.
683 1175 747 1242 Est
768 1196 810 1241 ou
830 1196 853 1242 u
874 1175 983 1242 Corda
999 1178 1208 1262 pronosim

111 1300 178 1364 quo
197 1280 255 1345 ulii
275 1283 416 1363 potiore3
438 1281 550 1363 peragi
571 1280 634 1344 iter
658 1278 745 1344 intro
767 1295 867 1344 xxrv
888 1279 1003 1358 horno,
1017 1279 1207 1345 sacrificiu

111 1389 213 1449 noctu
226 1382 435 1462 inchoatum3
459 1383 571 1444 statim
592 1379 669 1444 indo
691 1381 882 1446 subortum
904 1379 997 1446 Solis
1017 1382 1081 1446 itur
1093 1383 1208 1457 initum,
1255 1424 1257 1429 -

113 1490 321 1548 consumtum
343 1484 445 1546 ineo
470 1480 583 1546 ‘diem
608 1486 776 1565 postorum
800 1501 877 1547 oum
904 1487 1002 1546 nocto
1031 1483 1210 1567 insequente

112 1603 220 1669 usquo
233 1584 277 1649 ud
291 1585 426 1650 nltemm
447 1581 633 1649 Auroram!
676 1581 805 1648 Verum
824 1602 911 1648 nuno
932 1583 968 1647 in
989 1584 1144 1648 versibus
1156 1582 1212 1648 out

114 1705 166 1768 sq.
190 1694 247 1751 aut
267 1687 310 1750 ud
332 1687 464 1752 eosdem
486 1686 643 1769 scopulos
665 1683 931 1764 udhnnroooimns,
945 1689 984 1750 ut
995 1685 1070 1762 iter,
1084 1686 1149 1750 sub
1168 1704 1211 1750 or·

113 1794 185 1851 tum
208 1787 297 1851 Solis
314 1789 441 1864 initum,
465 1787 543 1851 Solo
560 1792 632 1852 orto
653 1787 879 1871 pernotum
898 1787 972 1872 jum
993 1786 1212 1850 continuatum

114 1889 178 1967 sit3
201 1893 261 1952 unt
273 1887 450 1952 diceudrun
462 1894 523 1964 est,
536 1890 598 1951 iter
612 1909 672 1972 per
686 1894 792 1956 totum
807 1887 897 1953 dium
907 1883 1143 1972 insequentem
1152 1889 1213 1973 jau

116 1990 342 2055 continuatum
369 2008 443 2052 esso
467 2009 573 2073 usque
598 1990 642 2054 ud
664 1991 801 2056 niteram
820 1997 975 2057 nocturn:
1008 1989 1124 2054 ‘Nox
1149 1991 1215 2066 ruit,

117 2091 243 2157 AEneu’
286 2091 403 2156 Habet
427 2091 499 2156 haec
521 2093 743 2176 interpretatio
768 2093 876 2177 primo
903 2110 979 2157 oum
1001 2092 1118 2158 suum
1142 2090 1217 2156 diffi-

116 2194 283 2272 cultatem,
299 2193 388 2277 quod
402 2194 569 2258 communi
585 2201 733 2259 veterum
746 2194 830 2260 mori
842 2199 877 2258 ot
889 2194 1039 2277 opinioni
1051 2202 1216 2278 repugnat,

116 2314 194 2378 quo,
209 2316 287 2380 quae
303 2296 347 2360 ud
361 2316 458 2361 sacru
471 2298 601 2377 magica
614 2300 648 2359 ot
661 2315 716 2360 res
728 2296 849 2360 inferno
863 2299 1025 2379 spootont,
1041 2296 1217 2361 reseruntur

117 2395 229 2458 omnin
242 2395 287 2458 ud
306 2402 447 2458 noctem.
492 2395 724 2460 condonemus
744 2401 853 2460 tamon
872 2397 956 2462 haec.
1002 2396 1135 2460 Aurora
1153 2398 1218 2482 jnm

118 2495 288 2559 ‘medium
310 2515 408 2558 axem
430 2515 528 2560 cursu
557 2496 752 2580 trajecerat:
776 2504 848 2561 esto
877 2495 1008 2562 Aurora
1035 2499 1112 2582 ipso
1140 2499 1218 2575 dios,

117 2593 205 2671 Ἧῶς,
220 2598 358 2679 eritque,
375 2596 447 2679 jam
467 2594 530 2657 dies
547 2595 684 2659 medius:
705 2597 786 2661 sutis
805 2616 959 2680 magnum
979 2616 1070 2664 nuno
1090 2599 1220 2683 quidem

118 2697 225 2761 itineri
239 2716 299 2778 por
312 2697 389 2759 locu
399 2696 504 2758 infera
518 2697 631 2760 dutrrm
645 2706 698 2762 est
711 2704 844 2780 tempus
856 2698 991 2777 AEnem
1007 2718 1125 2763 verum
1139 2719 1220 2765 nuno

79 2852 83 2860 .
120 2796 232 2859 statim
253 2802 331 2877 post
352 2795 440 2858 diem
460 2795 604 2860 modium
626 2797 736 2862 ‘Nox
756 2799 833 2875 ruit,
848 2796 988 2863 AEnem'
1009 2798 1043 2862 h.
1057 2816 1088 2862 e·
1108 2799 1222 2881 aduno·

119 2895 272 2978 pernsoit.
317 2894 405 2959 Sane
431 2896 566 2979 quidem
587 2917 648 2959 non
673 2918 807 2982 quoque
832 2918 922 2962 ruere
943 2898 1012 2964 dici
1034 2905 1164 2984 pom:
1185 2900 1223 2965 oo

120 3015 187 3081 quo
200 3016 298 3061 nemo
312 2996 460 3078 dubitet3
483 2997 533 3062 sio
546 3017 621 3082 sup.
638 3015 681 3074 ιι,
696 3000 762 3064 250
784 2999 958 3065 ‘Vertitur
970 3001 1097 3066 intorno
1106 3003 1223 3068 ooelum

120 3106 156 3164 ot
168 3099 235 3163 ruit
246 3117 374 3163 oceano
390 3098 494 3163 Nox?
510 3115 592 3176 vni,
607 3100 673 3165 {iffi
695 3104 705 3133 ‘
722 3100 804 3165 Nox
819 3101 894 3177 ruit,
909 3106 945 3166 et
960 3100 1069 3167 fuscis
1082 3103 1223 3168 tellurnm

122 3200 330 3282 amplectitur
358 3199 441 3264 ulis!
484 3199 540 3266 Itu
557 3202 658 3265 otiam
683 3199 748 3263 dies
770 3202 880 3266 orions
908 3202 973 3264 ruit
1002 3202 1062 3268 ini.
1090 3220 1131 3282 x,
1153 3204 1223 3270 25ss

121 3301 248 3365 Verum
278 3299 335 3362 Sol
353 3321 486 3383 quoque
508 3300 645 3364 occidens
665 3301 729 3365 ruit
747 3301 821 3387 (lib.
847 3319 906 3381 ιιι,
918 3300 1003 3387 ow)
1025 3307 1087 3369 ‘et
1104 3312 1224 3370 mmtoe

122 3405 313 3465 umbrantur
335 3405 432 3484 opaci
446 3402 466 3481 ;’
502 3411 536 3468 et
559 3406 601 3468 do
623 3425 701 3471 vere
719 3405 791 3489 jam
814 3410 938 3471 exacto
959 3405 1086 3491 θροις.
1115 3426 1142 3487 ι,
1163 3405 1224 3475 ult

125 3509 134 3536 ‘
152 3524 228 3568 cum
241 3506 305 3566 ruit
322 3505 521 3568 imbriferum
542 3527 610 3584 ver,
634 3509 755 3591 Spicoa
773 3508 846 3592 jam
866 3509 998 3592 campis
1021 3528 1102 3575 oum
1113 3510 1225 3575 mir

123 3605 287 3669 inhorruit'
301 3613 366 3670 etc.
414 3603 524 3669 Ruunt
538 3612 669 3676 enimet
683 3631 734 3688 eu,
750 3630 826 3693 quae
840 3610 1019 3688 imminent,
1034 3616 1071 3676 et
1084 3632 1139 3690 oo,
1153 3630 1224 3696 qun

124 3707 159 3770 in
170 3709 261 3770 exitu
275 3713 361 3772 sunt.
407 3709 524 3793 ltaque
538 3712 574 3773 in
588 3728 683 3774 versu
700 3712 818 3775 Basilii
832 3709 981 3788 (Antinoi.
996 3710 1071 3775 Irut
1083 3710 1181 3778 Tom.
1189 3727 1226 3776 ιι.

125 3830 160 3893 p.
174 3809 252 3879 306>
275 3813 433 3892 ‘noxque
455 3818 590 3893 peracto
609 3812 680 3875 t'uit'
704 3812 766 3874 riri
788 3811 877 3876 docti
898 3831 942 3875 ex
963 3810 1110 3894 Virgilio
1123 3830 1225 3879 m·

126 3912 207 3975 dunt
227 3911 300 3973 ruit.
348 3911 426 3974 Non
447 3913 531 3975 male
555 3915 667 3994 itaque
691 3912 845 3976 Senius:
870 3913 925 3975 ‘si
947 3913 1120 3996 pendium
1137 3930 1225 3979 suoru

126 4011 388 4089 celebrabantur,
415 4014 478 4073 ruit
507 4019 569 4090 est,
600 4013 765 4090 imminot3
795 4014 826 4077 si
848 4032 907 4096 per
927 4019 1072 4091 noctem,
1100 4011 1226 4080 finitur!

128 4110 169 4176 ln
191 4133 275 4180 voco
299 4111 372 4178 Nor
394 4113 456 4177 ruit
477 4115 562 4182 adeo
583 4133 651 4179 non
670 4112 879 4182 laboramus:
910 4115 1162 4183 nonnitumduo
1179 4118 1224 4181 ort
