2664 4686
178 370 266 433 4006
598 388 796 438 excursus
818 390 867 439 vr.

177 535 244 598 duo
258 534 399 618 scopuli,
422 533 542 599 fluctus
555 553 601 598 ex
615 535 684 598 atto
698 535 785 600 allisi
806 555 871 600 uon
892 534 1109 619 praebuissent
1129 540 1273 621 quietam

176 637 369 714 stationem
392 655 527 700 necesse
541 636 638 718 igitur
652 641 714 713 est,
739 637 772 699 iu
791 638 867 719 ipm
890 635 1008 721 libyae
1026 638 1132 703 littore
1153 643 1273 725 promi-

174 743 287 802 nentes
301 737 459 820 scopulos
473 736 674 818 iutelligere3
697 738 733 800 in
745 737 899 821 hoc'ergo
919 745 1012 801 roste
1033 759 1122 822 rupes
1141 741 1273 827 genini-

175 859 233 924 que
248 835 366 922 scopuli
379 837 541 902 minantur
563 838 596 900 io
615 838 722 901 cotum
743 839 828 924 (duo
849 841 979 925 scopuli
1001 839 1174 925 eminent),
1200 864 1273 928 qoo-

174 966 244 1007 rum
274 943 329 1007 rub
357 944 472 1008 uertice
499 943 628 1027 (subter
655 940 792 1028 quibus)
819 941 883 1007 lute
910 942 1049 1028 AEquoro
1076 953 1146 1007 totu
1171 945 1273 1011 silent.

174 1047 265 1113 Haec
277 1055 311 1113 et
324 1047 458 1129 pulchre
473 1046 564 1110 dieta
577 1052 610 1110 et
632 1046 797 1110 intellectu
815 1045 939 1110 facilia.
987 1043 1076 1124 Tum,
1098 1058 1277 1131 praeterea,

172 1147 450 1233 &superimminet
473 1148 591 1233 (supra
612 1145 679 1231 est)
702 1169 790 1212 sceno
807 1142 900 1233 'sytria
913 1147 1054 1225 cor-xis,
1075 1157 1277 1234 prospectus

86 1314 99 1332 ,
173 1253 352 1336 sylvarum,
375 1260 404 1313 et
424 1260 529 1314 utrum
555 1270 659 1313 nemus
677 1249 815 1312 imminet
833 1247 970 1314 temti
992 1247 1102 1312 umbro
1124 1250 1176 1336 (in
1198 1252 1279 1336 ipso

172 1355 349 1418 continenti
364 1375 375 1434 ;
396 1373 461 1418 uon
475 1355 510 1416 in
523 1353 641 1431 insula,
654 1357 691 1416 ut
705 1352 783 1416 olim
798 1350 1019 1436 acceperam).
1064 1348 1131 1414 Suo
1145 1350 1279 1416 adversa

161 1452 287 1542 fronte,
308 1458 342 1520 in
361 1457 466 1520 littore
479 1455 543 1520 hoc
558 1456 745 1534 continenti,
769 1474 814 1519 ex
834 1455 975 1520 adverso
996 1455 1039 1520 iis
1059 1455 1115 1539 qui
1139 1475 1185 1518 ex
1207 1457 1283 1520 alto

171 1558 404 1641 ingrediuntur,
420 1569 545 1629 ontmm
559 1564 611 1623 est
623 1555 754 1643 scopulis
772 1554 1082 1642 pendentibus—Hic
1103 1557 1187 1642 (uon
1208 1565 1281 1624 tam

171 1661 207 1725 iu
220 1661 285 1725 hoc
299 1668 406 1740 antro,
429 1681 529 1745 quam
543 1662 579 1724 iu
592 1665 663 1727 tota
676 1660 740 1725 hac
754 1661 848 1724 sinus
869 1666 972 1744 parte,
994 1680 1068 1744 quae
1090 1680 1152 1744 pro
1173 1669 1280 1743 portu

170 1758 238 1842 ost)
254 1757 360 1843 ferros
384 1782 446 1823 noo
470 1759 596 1824 siricolo
622 1782 714 1824 riores
742 1758 818 1824 Ulla
843 1770 955 1824 teuent.
1009 1760 1125 1827 Verba
1150 1774 1192 1827 v!
1209 1763 1280 1828 loo

171 1860 289 1926 ‘Hinc
304 1868 405 1946 atque
419 1863 496 1927 hino
514 1868 619 1927 vastae
634 1860 758 1946 rupes,'
781 1863 855 1926 visa
876 1861 956 1926 mihi
978 1862 1056 1926 olim
1078 1869 1171 1927 eraut
1192 1864 1278 1928 rete-

170 1963 275 2028 reuda
296 1984 371 2028 esse
393 1964 437 2028 ad
459 1965 623 2045 insulam3
646 1965 725 2047 quia
747 1969 988 2029 antecesseratt
1012 1961 1114 2026 imula
1132 1974 1279 2047 portum,

169 2071 205 2131 et
228 2067 395 2149 sequitur:
427 2062 541 2127 Fronte
564 2062 619 2127 sub
643 2061 787 2128 adverso.
830 2064 886 2130 Ita
910 2084 1043 2149 quoque
1065 2067 1177 2128 visum
1204 2074 1277 2132 erat

169 2167 340 2251 Scatigero
368 2165 465 2231 Poet
496 2183 532 2243 v,
560 2165 592 2230 3.
650 2164 820 2249 Expeusis
846 2171 957 2231 tamen
984 2167 1135 2231 omnibus
1164 2170 1276 2252 ipsam

168 2288 276 2334 rerum
289 2271 449 2335 rationem
461 2267 496 2331 id
510 2266 678 2351 postulare
691 2265 775 2344 vidi,
792 2271 828 2330 ut
842 2267 886 2330 ad
900 2268 1116 2331 coutinentem
1128 2268 1274 2334 refer-au·

168 2376 222 2434 tur
251 2373 374 2435 omnia.
432 2370 543 2434 Etiam
571 2369 662 2453 apud
691 2367 876 2432 Homerum
911 2366 956 2430 tto
990 2370 1147 2455 προβλῆτες
1183 2374 1271 2437 ἀκταὶ

175 2473 184 2495 ’
210 2475 328 2557 οῤῥῶγις
353 2473 389 2536 in
413 2475 488 2556 ipso
514 2470 696 2535 continenti
718 2471 879 2536 visuntur.
922 2469 965 2534 Iu
986 2491 1026 2537 eo
1046 2477 1159 2549 tamen
1179 2476 1274 2542 nulla

168 2575 303 2638 omuino
317 2574 427 2638 insula
441 2573 574 2656 objecta
589 2581 651 2636 est.

211 2674 367 2741 Exoritur
385 2675 493 2751 altera¹
509 2674 707 2758 disputatio,
729 2676 763 2738 iu
784 2695 852 2759 qua
873 2672 997 2741 Africae
1019 2680 1123 2759 parte,
1145 2683 1180 2742 et
1198 2681 1271 2763 qui-

166 2776 244 2844 dem
258 2779 293 2839 iu
306 2777 426 2841 vicinis
444 2773 637 2858 Carthagini
657 2777 825 2841 littoribus
838 2779 902 2841 iste
914 2777 1009 2841 locus
1023 2777 1077 2855 sit,
1091 2784 1151 2842 aut
1163 2779 1271 2845 fuerit.

164 2878 246 2943 Jam
260 2897 336 2943 cum
350 2879 450 2943 talem
475 2878 623 2943 locorum
638 2879 737 2943 sitmn
752 2895 773 2943 a
793 2881 921 2943 nemine
944 2879 1012 2943 alio
1035 2897 1271 2947 commemora·

163 2986 234 3046 tum
248 2980 406 3058 viderent,
428 2978 628 3063 Interpretes
648 2984 726 3064 post
742 2980 911 3068 Servium,
932 2999 1029 3063 quem
1042 2978 1216 3062 habemus,
1238 2992 1270 3049 et

163 3080 328 3165 Pompou.
360 3080 522 3145 Sabinum
546 3069 674 3144 toreio
701 3100 774 3144 eam
795 3084 993 3146 sententiam
1015 3081 1209 3162 discessere,
1234 3092 1270 3149 ut

161 3187 267 3246 totum
280 3183 390 3246 locum
406 3181 516 3266 po‘e'tae
531 3182 664 3264 ingenio
678 3180 802 3260 deberi,
818 3201 925 3266 neque
940 3203 1015 3246 eum
1029 3202 1176 3266 uuquam
1190 3205 1267 3250 vere

162 3284 316 3348 extitisse
345 3286 580 3349 existimarent.
633 3283 688 3359 Et,
706 3304 818 3348 verum
847 3286 960 3368 utique
987 3290 1048 3364 est,
1077 3285 1170 3368 quod
1192 3286 1268 3371 jam

161 3382 353 3448 Macrob.v
379 3384 487 3448 Saea
509 3391 544 3450 et
568 3385 704 3450 Servius
725 3387 768 3450 ad
787 3387 854 3451 lul.
870 3393 1033 3463 notarunt,
1058 3385 1194 3469 poetam
1208 3410 1267 3455 ex·

161 3485 325 3568 pressisse
344 3485 588 3577 nobilissimum
608 3486 748 3552 Homeri
766 3490 878 3554 locum
896 3489 936 3552 de
960 3488 1151 3572 Phorcyuio
1172 3479 1267 3574 portu

161 3591 195 3650 et
208 3584 438 3669 Nympharum
453 3594 545 3652 antro
560 3587 684 3673 Odyss.
697 3597 738 3667 N,
753 3591 798 3656 96
812 3610 886 3675 sqq.
911 3597 1010 3674 atque
1024 3591 1110 3654 adeo
1123 3596 1267 3658 transm

159 3686 241 3754 lisso
255 3707 308 3764 ea,
322 3676 399 3771 qum
422 3688 590 3754 Homerus
613 3691 656 3754 de
681 3692 791 3758 insula
810 3691 929 3756 Ithaca
950 3701 1199 3774 memoraverat,
1223 3693 1266 3758 ad

161 3788 345 3857 ornandum
362 3790 457 3853 littus
471 3789 609 3857 Africae.
654 3792 831 3857 Enimvero
846 3793 986 3857 mutavit
998 3813 1066 3858 non
1084 3812 1207 3878 pauca,
1230 3801 1267 3859 ut

88 3960 93 3969 ,
160 3891 233 3957 sive
248 3896 395 3957 certasse
406 3911 481 3955 cum
498 3892 649 3959 Homero
660 3896 733 3959 sive
746 3897 825 3960 certi
837 3895 905 3959 loci
917 3902 1044 3961 naturae
1056 3915 1118 3959 sua
1130 3914 1266 3961 accom-

159 3993 314 4057 modasse
329 3993 432 4058 rideri
448 3992 575 4058 debeat.
611 3994 718 4060 Fuere
731 4016 829 4081 porro
843 3997 1048 4080 interpretes,
1065 3996 1135 4079 qui,
1149 4015 1266 4062 seeum

161 4088 241 4157 dum
254 4093 416 4174 Servium,
431 4093 566 4179 poetam
587 4101 719 4179 portum
740 4116 837 4160 suum
859 4095 902 4161 ad
924 4104 1040 4181 portus
1063 4116 1161 4162 novar
1182 4095 1264 4165 Car-

161 4187 305 4273 thaginis
324 4197 357 4258 in
382 4196 551 4282 Hispania
573 4197 721 4281 speciem
743 4197 958 4264 adumbrasse
980 4203 1159 4281 putareut3
1180 4217 1264 4285 quo·
