2664 4686
177 311 265 377 4088
584 323 784 375 uacuusos
808 309 884 375 iv!

178 479 277 547 adu.
299 477 358 542 lib.
401 476 535 541 Sinonis
554 475 687 540 fraudes
711 476 813 541 etiam
835 473 994 556 Quintus,
1018 475 1284 562 Trypbiodoms,

177 580 299 663 Dictys
313 585 346 643 et
361 577 469 643 Dares
482 583 672 643 memorant
701 577 871 644 Datames
885 598 988 662 genus
999 586 1184 645 maternum
1199 600 1284 646 com-

176 701 275 746 mune
298 702 374 746 cum
397 680 532 766 Ulysse,
552 700 631 744 nam
653 680 743 745 tilius
760 682 882 746 AEsimi
904 681 978 761 suit,
992 701 1098 765 nepos
1113 681 1281 767 Autolyci,

176 784 271 875 cnjus
285 784 356 848 tilia
378 783 540 861 Anticlia,
555 802 632 867 quae
647 782 804 868 Ulyssem
828 784 947 850 edidit:
979 783 1093 849 Schol.
1116 773 1280 869 Lycopbr.

175 886 242 950 844
255 892 288 949 et
302 886 396 952 Serv.
411 884 502 950 adh
515 886 537 949 1
581 883 769 952 Videntur
759 905 885 952 meum
907 886 1030 971 po'etoe,
1045 886 1102 969 qui
1128 885 1281 952 Homeri-

176 1006 236 1051 cas
261 987 392 1052 sabulos
417 991 583 1065 ornarunt,
608 988 828 1066 transtulisse,
843 1009 920 1072 quae
945 989 986 1053 dc
1009 986 1133 1071 Ulysse
1154 995 1281 1053 narrata

175 1085 301 1174 Odyss.
329 1098 369 1167 Δ,
393 1089 459 1154 244
487 1107 574 1173 sqq„
603 1089 777 1172 praeivisse
807 1098 917 1155 autem
945 1091 1099 1155 omnibns
1127 1089 1280 1156 lesches.

178 1175 269 1255 Nam
300 1190 418 1256 Iliadis
445 1209 563 1275 pervae
592 1191 790 1275 particulam
819 1194 1037 1258 constituebat
1066 1189 1169 1254 Sinon
1196 1191 1281 1276 apud

177 1291 318 1358 Aristot.
335 1293 431 1358 Post.
445 1294 501 1371 23,
511 1295 548 1367 ὥς
558 1297 571 1354 1
580 1290 700 1378 Λέσχης
716 1293 812 1371 φησὶν,
826 1294 921 1360 addit
929 1293 1055 1360 'Ibctm
1066 1296 1111 1360 ad
1120 1293 1286 1381 Lympha

175 1396 253 1461 344.
298 1395 351 1460 Ex
367 1395 486 1460 eodem
499 1397 640 1479 repetita
652 1415 705 1460 res
718 1398 754 1461 in
767 1396 900 1461 'lbbula
912 1396 1022 1462 Iliaca
1033 1417 1067 1462 n.
1082 1397 1139 1463 98.
1182 1392 1280 1480 Apud

176 1497 334 1562 Proclum
358 1498 393 1562 in
417 1503 609 1581 argumento
631 1496 718 1562 'talou
742 1495 867 1584 πέρσιδος
889 1505 1106 1565 memoratur:
1140 1503 1178 1564 ut
1195 1512 1279 1561 novo

175 1598 239 1663 boc
254 1605 443 1682 argumento
456 1600 505 1678 fit,
513 1619 578 1665 non
591 1597 722 1665 Arctini
736 1620 879 1679 carmem
889 1600 950 1665 sed
964 1599 1105 1666 Iescbis
1120 1603 1281 1664 extremos

177 1696 294 1765 Iliadis
317 1721 432 1786 parvae
455 1703 559 1767 libros
584 1722 644 1766 eos
657 1703 772 1767 fuisse.
817 1703 897 1768 Fuit
920 1699 1281 1767 Sinonetiamt‘abulae

176 1799 373 1883 Sophoclece
401 1808 630 1884 argumentum
658 1803 832 1889 Hesycbio
858 1804 1017 1870 laudatae.
1061 1802 1117 1866 Ex
1142 1802 1206 1866 hac
1228 1804 1280 1865 aul

176 1900 246 1965 alia
266 1902 432 1984 tragoedia
451 1902 636 1986 proiecisse
655 1904 786 1970 videtru
807 1903 970 1988 Virgilius
992 1905 1027 1968 iu
1053 1903 1190 1968 Sinonis
1212 1919 1281 1967 ora·

176 2002 276 2080 tione,
291 2022 367 2086 quae
384 2001 580 2068 Graecerum
599 2005 837 2087 tnagoediarum
857 2006 1080 2090 eloquentiam
1092 2011 1128 2070 et
1147 2020 1282 2069 acuum

174 2102 309 2169 redolet.
354 2104 416 2170 Est
429 2124 507 2169 vero
522 2106 654 2169 omnino
668 2105 758 2191 apud
773 2105 950 2189 Virgilium
964 2112 1053 2172 totus
1066 2106 1122 2170 bic
1135 2107 1232 2171 locus
1240 2103 1281 2168 dc

175 2203 298 2270 Sinone
312 2207 434 2279 eximie
447 2206 637 2270 elaboratus
660 2212 697 2271 et
713 2213 859 2286 ornatus,
874 2209 976 2273 etiam
1000 2207 1044 2271 ad
1068 2207 1281 2291 probabilita-

174 2312 241 2371 tem
262 2309 379 2389 magis,
394 2326 495 2390 quam
516 2304 605 2389 apud
628 2311 767 2371 ceteros.
811 2307 866 2372 lta
888 2306 979 2391 apud
992 2305 1155 2384 Quintum
1171 2325 1205 2373 v.
1220 2308 1282 2373 355

176 2428 280 2492 prope
294 2428 416 2491 equum
430 2411 518 2472 astat
532 2407 647 2486 Sinon,
662 2407 752 2491 qnod
774 2409 884 2472 minus
907 2408 1092 2492 probabile,
1107 2428 1211 2492 qnam
1230 2409 1283 2476 bic

178 2525 220 2587 11,
235 2513 279 2575 57
294 2530 367 2595 sqq.
413 2509 455 2573 ln
477 2507 562 2572 Cod.
589 2508 703 2574 Vatic.
718 2509 852 2592 pictura
874 2530 908 2592 p.
932 2511 977 2575 43
998 2511 1184 2577 revinctum
1206 2511 1282 2577 fimo

175 2613 251 2680 suis
279 2610 425 2675 brachiis
453 2608 546 2672 ducit
571 2625 695 2692 equum
723 2609 836 2674 Sinon.
894 2610 999 2676 Porro
1027 2612 1119 2694 apud
1147 2612 1282 2678 wndem

178 2710 341 2789 Quintum
354 2713 570 2792 interrogatus
595 2710 636 2774 de
659 2731 747 2793 equo
768 2713 966 2797 respondere
984 2708 1207 2791 recusat‚'nec
1220 2714 1281 2778 nisi

177 2810 360 2894 α1κιζόμενος,
374 2812 579 2890 verberibus,
594 2814 727 2877 naribus
742 2814 942 2898 auribusque
959 2815 1122 2893 rescissis,
1137 2814 1282 2880 fraudem

176 2914 305 2981 effatur.
349 2913 397 2978 At
419 2913 510 2998 apud
523 2914 708 2998 Tryphiod
723 2916 789 2981 211
803 2921 837 2981 et
851 2915 992 2982 Gedren.
1013 2916 1106 2982 Hist
1128 2938 1165 3000 p.
1180 2917 1243 2983 131
1259 2934 1280 2982 n

175 3035 212 3081 sc
226 3016 339 3100 ipsum
352 3016 543 3083 verberibus
560 3016 696 3106 lacerat,
711 3023 748 3082 ut
761 3017 928 3101 'l'rojanos
941 3018 1046 3083 fallat.
1091 3017 1279 3102 Sapientior

175 3119 288 3183 omnia
309 3119 490 3203 Virgilius3
523 3120 624 3183 etiam
648 3120 711 3184 boc
735 3120 825 3203 quod
847 3122 881 3186 in
903 3121 1025 3204 palude
1047 3140 1085 3184 se
1115 3120 1280 3185 delituisse

176 3228 295 3297 nanat,
321 3238 355 3285 v.
380 3221 455 3287 135.
500 3219 548 3283 At
571 3219 662 3303 apud
687 3219 801 3298 Quint.
818 3240 852 3285 v.
874 3224 940 3289 375
962 3224 1066 3289 Sinon
1084 3224 1128 3288 ad
1152 3222 1277 3308 Equum

176 3325 335 3403 tanquam
349 3320 391 3383 ad
407 3320 535 3405 asylum
552 3340 588 3384 se
602 3319 729 3403 recipit.
