2664 4686
449 320 501 371 Ab
524 316 697 373 assinos
719 318 793 368 Llll.
817 320 842 369 1.
1111 311 1200 380 4033

92 466 323 535 meminissent
335 466 399 534 viri
414 466 517 546 docti,
533 466 689 533 inmultis
702 464 803 551 liujus
827 472 860 530 et
884 468 993 550 quarti
1013 468 1090 534 libri
1113 471 1199 540 locis

92 572 206 637 minas
234 572 429 637 turbassent
483 568 657 634 celebrata
685 572 766 634 sads
794 570 879 632 inter
900 576 1027 635 veteres
1055 590 1108 637 res
1135 582 1199 653 est,

92 668 383 754 Carthaginiemes
395 671 610 753 agricolandi
625 670 887 735 studiosissimos
906 670 1022 751 fuisse,
1048 679 1200 740 ettotam

92 770 188 837 illurn
216 768 343 837 Afrioae
372 776 513 837 tractum
535 772 707 837 laetissimo
736 770 826 835 orrltu
855 791 993 837 summae
1023 774 1199 843 fertilitatis

92 870 290 939 effloruisse.
333 871 454 956 Itaque
469 873 628 957 praeclare
641 873 684 937 iis
698 871 903 957 portenditur
916 880 1077 959 perpetua
1090 876 1200 944 vicus

94 972 239 1059 copiast
251 972 438 1055 affluentia3
460 972 611 1060 etfacilis
624 974 708 1037 rictu
720 980 771 1039 est
785 977 825 1053 is,
840 976 899 1059 qni
911 976 1042 1042 facilem
1056 984 1090 1057 et
1103 998 1201 1062 para·

94 1084 164 1141 tum
194 1078 318 1141 rictum
339 1076 455 1140 babet:
487 1073 607 1164 εὔπορος,
628 1082 665 1141 ut
689 1096 804 1159 agrum
819 1076 976 1165 frugibus
997 1081 1050 1145 vel
1060 1070 1216 1167 frugum'

92 1175 225 1265 facilem
239 1178 354 1243 dixero
368 1184 504 1245 veteres.
548 1180 739 1245 Tenendum
753 1180 892 1257 seilicet,
914 1200 966 1261 ea,
988 1202 1064 1266 quae
1080 1184 1115 1247 in
1128 1184 1201 1250 vul·

95 1280 167 1363 gari
197 1280 348 1346 oratione
372 1278 532 1366 etfacilis
559 1300 620 1365 pro
647 1280 818 1366 adjectivo
847 1280 1040 1363 adjunctum
1067 1283 1200 1363 babent,

95 1378 230 1463 politiae
244 1384 292 1447 ita
303 1382 428 1464 efferri3
450 1389 487 1447 ut
501 1383 531 1447 si
545 1380 717 1471 alloquium
732 1381 814 1467 regia
822 1380 929 1466 facile
949 1384 1200 1467 exprimendum

95 1483 149 1560 ait,
154 1478 292 1568 facilem
307 1504 408 1571 regem
432 1482 570 1571 alloquio
588 1484 644 1551 vel
665 1482 797 1571 alloquii
813 1476 904 1550 dicat
925 1483 1039 1569 poeta,
1062 1490 1099 1549 ut
1122 1484 1202 1550 Val.

98 1580 149 1649 l'l.
167 1602 202 1663 ν,
224 1587 291 1653 407
313 1584 620 1673 littusquodsacilaa
633 1583 905 1671 appulerelrabet
927 1584 1016 1649 idem
1041 1581 1130 1648 littus
1140 1582 1202 1671 fa·

97 1682 155 1749 cilc
169 1684 362 1771 appulsibus.
405 1689 470 1768 lta,
484 1708 561 1774 quae
577 1689 692 1753 aicium
696 1684 834 1776 facilem
859 1688 966 1752 fundit
987 1687 1088 1751 humo
1110 1684 1203 1754 tellio

97 1784 220 1873 (ieorg.
247 1806 289 1870 ιι,
312 1793 389 1871 tao,
410 1797 462 1857 est
488 1794 590 1859 etiem
612 1791 703 1859 tellus
731 1792 819 1859 aicta
833 1790 971 1879 sutilia·
996 1793 1103 1858 etsie
1126 1812 1202 1879 geur

97 1887 313 1975 victusacilir,
335 1912 412 1976 qaae
435 1894 534 1960 habet
552 1895 689 1973 rictum,
714 1896 859 1960 alimenti
882 1895 1016 1979 copiam
1038 1899 1201 1979 paratam,

98 1990 297 2074 affluentem,
311 2004 443 2080 propter
456 2014 609 2078 agrorum
624 1997 751 2063 scilicet
760 1996 957 2062 fertilitatem
967 2002 1000 2059 et
1010 1996 1202 2060 ubertatem.

100 2094 208 2161 simili
220 2098 320 2162 modo
331 2097 457 2163 infinita
470 2099 537 2163 alia
551 2099 595 2163 ad
614 2100 803 2184 prosaicam
825 2098 962 2162 formam
977 2094 1204 2177 comparanda

100 2206 184 2263 sunt.
229 2200 306 2263 AEn.
334 2216 418 2278 vill,
441 2200 507 2265 318
528 2200 712 2285 asperaictu
735 2208 873 2269 renatus,
897 2198 929 2255 h.
944 2215 972 2256 e.
996 2195 1053 2275 qui
1075 2194 1202 2257 victum

101 2317 269 2381 asperum,
285 2300 394 2380 qualis
409 2308 459 2366 est
472 2303 552 2367 vitm
568 2321 709 2378 asperae.
728 2298 818 2360 durae
833 2300 869 2356 et
881 2294 1052 2377 pauperis,
1067 2296 1203 2377 praebet.

104 2396 174 2462 Nax
187 2418 297 2481 aspera
309 2395 400 2473 ruris,
410 2395 489 2459 Val.
504 2394 556 2458 Fl.
575 2411 631 2472 111,
647 2394 724 2471 362,
739 2413 816 2477 quae
831 2413 927 2458 curas
940 2415 1078 2477 asperas
1089 2414 1202 2459 secum

102 2501 252 2579 adortat
272 2501 323 2564 sic
344 2519 455 2583 porro.
500 2495 608 2583 Equus
636 2503 747 2561 alitem
776 2497 888 2579 quidni
914 2497 1007 2561 ferar
1030 2506 1065 2561 et
1089 2497 1203 2562 letum

103 2605 218 2681 solum,
233 2602 329 2686 equis
346 2600 473 2665 alendis
498 2601 664 2679 idoneum,
691 2601 870 2664 ominetur?
893 2620 969 2664 cum
991 2600 1054 2664 hoc
1077 2618 1203 2663 amnen-

103 2712 168 2769 tum
181 2702 300 2786 pabuli
324 2703 456 2785 copiam
470 2706 504 2766 et
517 2703 650 2765 uberem
674 2708 789 2782 aprum
812 2700 961 2784 inprimis
985 2702 1049 2764 sibi
1073 2710 1202 2784 poscat.

102 2802 200 2881 Vide,
217 2805 247 2867 si
263 2803 339 2867 talis
353 2822 407 2865 res
429 2802 622 2866 auctoritate
635 2802 769 2884 indiget,
785 2800 1001 2865 Columellam
1024 2802 1065 2865 de
1091 2800 1136 2864 R.
1158 2800 1203 2864 R.

103 2906 223 2984 t'1,27.
266 2903 374 2968 Varia
397 2903 530 2986 quidem
553 2902 594 2965 de
616 2903 678 2966 hoc
704 2908 855 2984 portento
881 2904 963 2966 iuter
990 2901 1204 2966 fundamenta

101 3009 191 3075 ubis
205 3012 336 3090 reperto
356 3004 419 3069 fuit
432 3007 584 3081 narratio,
599 3024 676 3067 nam
691 3005 748 3067 alii
769 3004 820 3086 (v.
836 3004 955 3067 Justin.
977 3003 999 3066 l.
1016 3024 1045 3066 c.
1062 3003 1153 3066 Serv.
1171 3008 1206 3066 et

101 3108 279 3193 Pompou.)
299 3108 406 3189 primo
434 3113 534 3190 caput
560 3106 730 3182 bubulum,
768 3105 826 3168 alii
862 3105 1006 3186 palmam
1030 3104 1129 3167 simul
1153 3123 1204 3167 re·

101 3218 233 3295 partum
259 3207 471 3286 tradiderant,
502 3209 652 3291 proxime
675 3212 782 3270 taruou
813 3205 856 3268 ad
884 3210 1029 3268 nostrum
1052 3204 1109 3267 alii
1148 3223 1204 3286 ap.

100 3310 253 3377 Bumlh·
276 3309 319 3374 ad
348 3310 485 3394 Dionys
515 3310 642 3393 l’orieg.
675 3310 740 3373 195
776 3306 851 3393 alqui
887 3308 1014 3382 κεφαλὴν
1038 3305 1132 3383 ἵππου,
1156 3306 1204 3368 καὶ

101 3412 301 3495 sufflandum
314 3410 497 3491 eupaimtar
513 3415 624 3496 σχολὴν
635 3414 728 3482 αὐτοῖς
744 3410 791 3472 καὶ
807 3412 872 3497 παρ’
891 3407 991 3471 ἄλλων
1011 3407 1084 3471 δόσιν
1094 3414 1224 3495 ‘leitils

103 3517 176 3579 nadal
197 3514 250 3577 zai
273 3518 330 3587 τοῖς
355 3514 458 3589 litters,
481 3512 598 3577 ἔκτισαν
619 3517 646 3575 iv
669 3513 784 3597 τοιούτῳ
798 3509 875 3595 τόπῳ
893 3510 1072 3598 Καρχηδόνα.
1118 3498 1205 3577 Saite

103 3618 234 3682 diversa
255 3617 483 3699 interpretatio
499 3616 540 3681 de
554 3618 624 3680 otio
649 3636 690 3679 ao
714 3617 811 3700 pacis
837 3576 997 3693 sludiis,
989 3615 1146 3703 inprimis
1163 3634 1207 3678 ex

104 3720 321 3797 mercatibus3
343 3717 436 3782 rides
457 3724 565 3781 tamen
580 3718 781 3800 hoerpsmn,
793 3713 930 3799 facilem
953 3716 1047 3794 rictu,
1074 3706 1126 3799 itt
1146 3722 1205 3779 ex-

106 3836 266 3900 pressum,
293 3824 331 3881 ut
361 3821 432 3882 sinc
460 3819 565 3882 multo
594 3819 706 3881 labore
735 3820 860 3881 victum
883 3818 1059 3881 ἰιιιοιιίιιιιῑ.
1105 3783 1207 3891 Quod

110 3918 182 3983 d'm.
213 3936 272 3996 ιιι,
295 3921 361 3984 540
382 3940 458 4003 sqq
494 3919 662 3983 diversum
688 3939 733 3981 ex
761 3919 856 4000 equis
881 3919 1049 4000 origarium
1075 3916 1206 3999 petitur,
1310 3903 1314 3914 '

112 4018 186 4083 nibil
200 4020 313 4086 officit.
357 4020 517 4084 Poterant
537 4021 623 4083 enim
644 4018 771 4083 eaedem
783 4036 838 4081 ros
851 4017 992 4081 diversis
1006 4013 1209 4096 temporibus

117 4122 146 4181 tl
155 4138 261 4185 terum
274 4121 516 4186 conditionibus
530 4121 574 4185 ad
584 4121 718 4185 diversa
730 4119 814 4183 trahi
829 4117 949 4182 omina.
994 4114 1050 4178 lta
1064 4112 1144 4173 lma
1157 4135 1209 4175 ro·

175 4234 295 4302 nepae
313 4237 369 4290 uir.
386 4238 451 4289 cru.
616 4237 688 4301 νιος.
1079 4229 1143 4279 uz
