<?xml version="1.0" encoding="UTF-8"?>
<!DOCTYPE html PUBLIC "-//W3C//DTD XHTML 1.0 Transitional//EN"
    "http://www.w3.org/TR/xhtml1/DTD/xhtml1-transitional.dtd">
<html xmlns="http://www.w3.org/1999/xhtml" xml:lang="en" lang="en">
 <head>
  <title>
</title>
<meta http-equiv="Content-Type" content="text/html;charset=utf-8" />
  <meta name='ocr-system' content='tesseract 3.04.00' />
  <meta name='ocr-capabilities' content='ocr_page ocr_carea ocr_par ocr_line ocrx_word'/>
</head>
<body>
  <div class='ocr_page' id='page_1' title='image "./pvirgiliimaroni00virggoog/pvirgiliimaroni00virggoog_0201.png"; bbox 0 0 2664 4686; ppageno 0'>
   <div class='ocr_carea' id='block_1_1' title="bbox 171 276 879 369">
    <p class='ocr_par' dir='ltr' id='par_1_1' title="bbox 171 276 879 369">
     <span class='ocr_line' id='line_1_1' title="bbox 171 276 879 369; baseline 0.01 -13"><span class='ocrx_word' id='word_1_1' title='bbox 171 302 260 369; x_wconf 74' lang='grc'><strong>4146</strong></span> <span class='ocrx_word' id='word_1_2' title='bbox 572 314 769 365; x_wconf 76' lang='lat' dir='ltr'>BXCURSUS</span> <span class='ocrx_word' id='word_1_3' title='bbox 792 314 833 363; x_wconf 80' lang='lat' dir='ltr'><strong>ll.</strong></span> <span class='ocrx_word' id='word_1_4' title='bbox 876 276 879 280; x_wconf 15' lang='lat'><strong>⁴</strong></span> 
     </span>
    </p>
   </div>
   <div class='ocr_carea' id='block_1_2' title="bbox 72 457 1304 2259">
    <p class='ocr_par' dir='ltr' id='par_1_2' title="bbox 72 457 1304 2259">
     <span class='ocr_line' id='line_1_2' title="bbox 172 457 1278 544; baseline -0.002 -17"><span class='ocrx_word' id='word_1_5' title='bbox 172 461 291 544; x_wconf 68' lang='lat' dir='ltr'><strong>Libyae</strong></span> <span class='ocrx_word' id='word_1_6' title='bbox 313 459 423 523; x_wconf 81' lang='lat' dir='ltr'><strong>littora</strong></span> <span class='ocrx_word' id='word_1_7' title='bbox 442 464 518 523; x_wconf 88' lang='lat' dir='ltr'><strong>sunt</strong></span> <span class='ocrx_word' id='word_1_8' title='bbox 539 458 658 537; x_wconf 88' lang='lat' dir='ltr'><strong>delati;</strong></span> <span class='ocrx_word' id='word_1_9' title='bbox 680 457 812 535; x_wconf 91' lang='lat' dir='ltr'><strong>iisdem,</strong></span> <span class='ocrx_word' id='word_1_10' title='bbox 826 457 885 520; x_wconf 85' lang='lat' dir='ltr'><strong>sed</strong></span> <span class='ocrx_word' id='word_1_11' title='bbox 907 475 994 521; x_wconf 92' lang='lat' dir='ltr'><strong>anno</strong></span> <span class='ocrx_word' id='word_1_12' title='bbox 1007 459 1145 522; x_wconf 83' lang='lat' dir='ltr'><strong>domum</strong></span> <span class='ocrx_word' id='word_1_13' title='bbox 1158 466 1278 525; x_wconf 79' lang='lat' dir='ltr'><strong>octauo</strong></span> 
     </span>
     <span class='ocr_line' id='line_1_3' title="bbox 172 559 1277 648; baseline -0.001 -22"><span class='ocrx_word' id='word_1_14' title='bbox 172 568 262 648; x_wconf 77' lang='lat' dir='ltr'><strong>post,</strong></span> <span class='ocrx_word' id='word_1_15' title='bbox 279 560 451 625; x_wconf 81' lang='lat' dir='ltr'><strong>Menelaus</strong></span> <span class='ocrx_word' id='word_1_16' title='bbox 467 580 525 642; x_wconf 86' lang='lat' dir='ltr'><strong>per</strong></span> <span class='ocrx_word' id='word_1_17' title='bbox 542 575 598 622; x_wconf 85' lang='lat' dir='ltr'><strong>xx</strong></span> <span class='ocrx_word' id='word_1_18' title='bbox 615 560 687 623; x_wconf 91' lang='lat' dir='ltr'><strong>dies</strong></span> <span class='ocrx_word' id='word_1_19' title='bbox 711 560 746 622; x_wconf 92' lang='lat' dir='ltr'><strong>in</strong></span> <span class='ocrx_word' id='word_1_20' title='bbox 765 560 874 623; x_wconf 85' lang='lat' dir='ltr'><strong>littore</strong></span> <span class='ocrx_word' id='word_1_21' title='bbox 898 559 1037 643; x_wconf 79' lang='lat' dir='ltr'><strong>AEgypti</strong></span> <span class='ocrx_word' id='word_1_22' title='bbox 1061 560 1106 624; x_wconf 84' lang='lat' dir='ltr'><strong>ad</strong></span> <span class='ocrx_word' id='word_1_23' title='bbox 1129 560 1277 625; x_wconf 90' lang='lat' dir='ltr'><strong>Pharum</strong></span> 
     </span>
     <span class='ocr_line' id='line_1_4' title="bbox 172 659 1275 744; baseline -0.005 -15"><span class='ocrx_word' id='word_1_24' title='bbox 172 664 342 730; x_wconf 85' lang='lat' dir='ltr'><strong>tenebatur</strong></span> <span class='ocrx_word' id='word_1_25' title='bbox 367 659 490 744; x_wconf 88' lang='lat' dir='ltr'><strong>Odyss.</strong></span> <span class='ocrx_word' id='word_1_26' title='bbox 516 668 555 723; x_wconf 86' lang='grc' dir='ltr'><strong>Δ.</strong></span> <span class='ocrx_word' id='word_1_27' title='bbox 578 660 654 724; x_wconf 78' lang='grc'><strong>351.</strong></span> <span class='ocrx_word' id='word_1_28' title='bbox 677 661 753 724; x_wconf 87' lang='grc'><strong>475.</strong></span> <span class='ocrx_word' id='word_1_29' title='bbox 783 659 844 742; x_wconf 84' lang='lat' dir='ltr'><strong>(cl.</strong></span> <span class='ocrx_word' id='word_1_30' title='bbox 868 659 980 723; x_wconf 90' lang='lat' dir='ltr'><strong>Wood</strong></span> <span class='ocrx_word' id='word_1_31' title='bbox 1002 680 1046 724; x_wconf 91' lang='lat' dir='ltr'><strong>on</strong></span> <span class='ocrx_word' id='word_1_32' title='bbox 1064 661 1119 724; x_wconf 89' lang='lat' dir='ltr'><strong>the</strong></span> <span class='ocrx_word' id='word_1_33' title='bbox 1138 661 1275 742; x_wconf 79' lang='lat' dir='ltr'><strong>origiml</strong></span> 
     </span>
     <span class='ocr_line' id='line_1_5' title="bbox 173 759 1274 845; baseline -0.005 -14"><span class='ocrx_word' id='word_1_34' title='bbox 173 764 301 831; x_wconf 81' lang='lat' dir='ltr'>Genius</span> <span class='ocrx_word' id='word_1_35' title='bbox 324 765 363 828; x_wconf 85' lang='lat' dir='ltr'><strong>of</strong></span> <span class='ocrx_word' id='word_1_36' title='bbox 383 763 510 827; x_wconf 88' lang='lat' dir='ltr'>Homer</span> <span class='ocrx_word' id='word_1_37' title='bbox 533 783 568 845; x_wconf 90' lang='lat' dir='ltr'><strong>p.</strong></span> <span class='ocrx_word' id='word_1_38' title='bbox 583 764 637 825; x_wconf 89' lang='grc'><strong>55.</strong></span> <span class='ocrx_word' id='word_1_39' title='bbox 652 762 704 826; x_wconf 89' lang='lat' dir='ltr'><strong>ed.</strong></span> <span class='ocrx_word' id='word_1_40' title='bbox 726 782 776 844; x_wconf 86' lang='lat' dir='ltr'><strong>pr.</strong></span> <span class='ocrx_word' id='word_1_41' title='bbox 798 782 832 844; x_wconf 86' lang='lat' dir='ltr'><strong>p.</strong></span> <span class='ocrx_word' id='word_1_42' title='bbox 847 761 913 825; x_wconf 75' lang='lat'><strong>227</strong></span> <span class='ocrx_word' id='word_1_43' title='bbox 927 761 979 824; x_wconf 90' lang='lat' dir='ltr'><strong>ed.</strong></span> <span class='ocrx_word' id='word_1_44' title='bbox 994 759 1082 844; x_wconf 89' lang='lat' dir='ltr'><strong>sec.)</strong></span> <span class='ocrx_word' id='word_1_45' title='bbox 1106 761 1274 844; x_wconf 72' lang='lat' dir='ltr'><strong>Incipiunt</strong></span> 
     </span>
     <span class='ocr_line' id='line_1_6' title="bbox 172 860 1271 948; baseline -0.004 -17"><span class='ocrx_word' id='word_1_46' title='bbox 172 870 283 931; x_wconf 83' lang='lat' dir='ltr'><strong>autem</strong></span> <span class='ocrx_word' id='word_1_47' title='bbox 308 869 498 927; x_wconf 81' lang='lat' dir='ltr'><strong>constanter</strong></span> <span class='ocrx_word' id='word_1_48' title='bbox 523 863 649 945; x_wconf 87' lang='lat' dir='ltr'><strong>spirare</strong></span> <span class='ocrx_word' id='word_1_49' title='bbox 669 863 760 925; x_wconf 87' lang='lat' dir='ltr'><strong>circa</strong></span> <span class='ocrx_word' id='word_1_50' title='bbox 779 877 863 924; x_wconf 84' lang='lat' dir='ltr'><strong>xvii</strong></span> <span class='ocrx_word' id='word_1_51' title='bbox 888 860 967 925; x_wconf 84' lang='lat' dir='ltr'><strong>Kal.</strong></span> <span class='ocrx_word' id='word_1_52' title='bbox 991 861 1093 941; x_wconf 65' lang='lat' dir='ltr'><strong>Aug„</strong></span> <span class='ocrx_word' id='word_1_53' title='bbox 1113 883 1193 926; x_wconf 90' lang='lat' dir='ltr'><strong>cum</strong></span> <span class='ocrx_word' id='word_1_54' title='bbox 1206 865 1271 948; x_wconf 86' lang='lat' dir='ltr'><strong>jan</strong></span> 
     </span>
     <span class='ocr_line' id='line_1_7' title="bbox 173 961 1269 1040; baseline -0.004 -9"><span class='ocrx_word' id='word_1_55' title='bbox 173 964 287 1031; x_wconf 85' lang='lat' dir='ltr'><strong>decern</strong></span> <span class='ocrx_word' id='word_1_56' title='bbox 301 965 373 1029; x_wconf 92' lang='lat' dir='ltr'><strong>dies</strong></span> <span class='ocrx_word' id='word_1_57' title='bbox 388 971 464 1028; x_wconf 89' lang='lat' dir='ltr'><strong>ante</strong></span> <span class='ocrx_word' id='word_1_58' title='bbox 478 965 586 1028; x_wconf 85' lang='lat' dir='ltr'>exorti</span> <span class='ocrx_word' id='word_1_59' title='bbox 607 964 692 1027; x_wconf 90' lang='lat' dir='ltr'><strong>sint:</strong></span> <span class='ocrx_word' id='word_1_60' title='bbox 716 984 746 1027; x_wconf 88' lang='lat' dir='ltr'><strong>v.</strong></span> <span class='ocrx_word' id='word_1_61' title='bbox 762 963 850 1027; x_wconf 84' lang='lat' dir='ltr'><strong>Plin.</strong></span> <span class='ocrx_word' id='word_1_62' title='bbox 866 979 908 1040; x_wconf 93' lang='lat'><strong>11,</strong></span> <span class='ocrx_word' id='word_1_63' title='bbox 922 964 978 1038; x_wconf 30' lang='lat'><strong>47..</strong></span> <span class='ocrx_word' id='word_1_64' title='bbox 1022 961 1086 1027; x_wconf 77' lang='lat' dir='ltr'><strong>Fst</strong></span> <span class='ocrx_word' id='word_1_65' title='bbox 1109 963 1175 1027; x_wconf 92' lang='lat' dir='ltr'><strong>hoc</strong></span> <span class='ocrx_word' id='word_1_66' title='bbox 1197 971 1269 1028; x_wconf 89' lang='lat' dir='ltr'><strong>tem·</strong></span> 
     </span>
     <span class='ocr_line' id='line_1_8' title="bbox 72 1062 1265 1157; baseline -0.001 -28"><span class='ocrx_word' id='word_1_67' title='bbox 72 1148 78 1157; x_wconf 96' lang='lat'>.</span> <span class='ocrx_word' id='word_1_68' title='bbox 109 1090 114 1097; x_wconf 94' lang='lat'>·</span> <span class='ocrx_word' id='word_1_69' title='bbox 171 1084 239 1151; x_wconf 88' lang='lat' dir='ltr'><strong>pus</strong></span> <span class='ocrx_word' id='word_1_70' title='bbox 252 1067 380 1150; x_wconf 69' lang='grc' dir='ltr'><strong>ὀπωρινὸν</strong></span> <span class='ocrx_word' id='word_1_71' title='bbox 390 1068 610 1148; x_wconf 88' lang='lat' dir='ltr'><strong>antiquomm,</strong></span> <span class='ocrx_word' id='word_1_72' title='bbox 621 1062 716 1148; x_wconf 68' lang='grc' dir='ltr'>ὀπώρα</span> <span class='ocrx_word' id='word_1_73' title='bbox 729 1064 820 1147; x_wconf 94' lang='lat' dir='ltr'><strong>apud</strong></span> <span class='ocrx_word' id='word_1_74' title='bbox 838 1065 1035 1141; x_wconf 81' lang='lat' dir='ltr'><strong>Homerum,</strong></span> <span class='ocrx_word' id='word_1_75' title='bbox 1050 1084 1119 1146; x_wconf 93' lang='lat' dir='ltr'><strong>quo</strong></span> <span class='ocrx_word' id='word_1_76' title='bbox 1134 1065 1265 1128; x_wconf 88' lang='lat' dir='ltr'><strong>Boream</strong></span> 
     </span>
     <span class='ocr_line' id='line_1_9' title="bbox 172 1165 1265 1246; baseline -0.003 -14"><span class='ocrx_word' id='word_1_77' title='bbox 172 1168 252 1232; x_wconf 85' lang='lat' dir='ltr'><strong>flare</strong></span> <span class='ocrx_word' id='word_1_78' title='bbox 275 1170 323 1232; x_wconf 87' lang='lat' dir='ltr'><strong>ait</strong></span> <span class='ocrx_word' id='word_1_79' title='bbox 342 1168 384 1232; x_wconf 87' lang='lat' dir='ltr'><strong>Il.</strong></span> <span class='ocrx_word' id='word_1_80' title='bbox 399 1175 438 1245; x_wconf 82' lang='grc' dir='ltr'><strong>Φ,</strong></span> <span class='ocrx_word' id='word_1_81' title='bbox 451 1167 528 1231; x_wconf 80' lang='grc'><strong>346.</strong></span> <span class='ocrx_word' id='word_1_82' title='bbox 555 1166 620 1231; x_wconf 86' lang='lat' dir='ltr'><strong>Od.</strong></span> <span class='ocrx_word' id='word_1_83' title='bbox 638 1167 765 1246; x_wconf 68' lang='grc' dir='ltr'><strong>Ε,3”28.</strong></span> <span class='ocrx_word' id='word_1_84' title='bbox 810 1167 916 1230; x_wconf 85' lang='lat' dir='ltr'><strong>Iidem</strong></span> <span class='ocrx_word' id='word_1_85' title='bbox 937 1166 1140 1231; x_wconf 80' lang='lat' dir='ltr'><strong>etosiaeesse</strong></span> <span class='ocrx_word' id='word_1_86' title='bbox 1166 1165 1265 1229; x_wconf 87' lang='lat' dir='ltr'><strong>viden·</strong></span> 
     </span>
     <span class='ocr_line' id='line_1_10' title="bbox 173 1265 1261 1353; baseline -0.006 -19"><span class='ocrx_word' id='word_1_87' title='bbox 173 1275 237 1346; x_wconf 88' lang='lat' dir='ltr'><strong>tur,</strong></span> <span class='ocrx_word' id='word_1_88' title='bbox 260 1271 317 1353; x_wconf 92' lang='lat' dir='ltr'><strong>qui</strong></span> <span class='ocrx_word' id='word_1_89' title='bbox 340 1269 376 1332; x_wconf 93' lang='lat' dir='ltr'><strong>in</strong></span> <span class='ocrx_word' id='word_1_90' title='bbox 400 1267 515 1332; x_wconf 85' lang='lat' dir='ltr'><strong>fabula</strong></span> <span class='ocrx_word' id='word_1_91' title='bbox 537 1265 673 1330; x_wconf 69' lang='lat' dir='ltr'><strong>Aristaei</strong></span> <span class='ocrx_word' id='word_1_92' title='bbox 698 1272 1008 1331; x_wconf 88' lang='lat' dir='ltr'><strong>commemorantur:</strong></span> <span class='ocrx_word' id='word_1_93' title='bbox 1032 1267 1075 1330; x_wconf 92' lang='lat' dir='ltr'><strong>de</strong></span> <span class='ocrx_word' id='word_1_94' title='bbox 1099 1267 1221 1348; x_wconf 78' lang='lat' dir='ltr'><strong>quilius</strong></span> <span class='ocrx_word' id='word_1_95' title='bbox 1237 1284 1261 1327; x_wconf 87' lang='lat' dir='ltr'><strong>r.</strong></span> 
     </span>
     <span class='ocr_line' id='line_1_11' title="bbox 173 1365 1304 1452; baseline -0.004 -19"><span class='ocrx_word' id='word_1_96' title='bbox 173 1368 388 1452; x_wconf 79' lang='lat' dir='ltr'><strong>Apollonii,</strong></span> <span class='ocrx_word' id='word_1_97' title='bbox 403 1368 478 1433; x_wconf 91' lang='grc'><strong>516.</strong></span> <span class='ocrx_word' id='word_1_98' title='bbox 493 1367 605 1430; x_wconf 70' lang='lat' dir='ltr'><strong>amet</strong></span> <span class='ocrx_word' id='word_1_99' title='bbox 622 1368 671 1431; x_wconf 91' lang='lat' dir='ltr'><strong>ibi</strong></span> <span class='ocrx_word' id='word_1_100' title='bbox 695 1367 805 1430; x_wconf 83' lang='lat' dir='ltr'><strong>Schol.</strong></span> <span class='ocrx_word' id='word_1_101' title='bbox 850 1367 890 1430; x_wconf 93' lang='lat' dir='ltr'><strong>ln</strong></span> <span class='ocrx_word' id='word_1_102' title='bbox 910 1368 1058 1450; x_wconf 87' lang='lat' dir='ltr'><strong>hyemem</strong></span> <span class='ocrx_word' id='word_1_103' title='bbox 1081 1367 1191 1448; x_wconf 75' lang='lat' dir='ltr'><strong>igitur,</strong></span> <span class='ocrx_word' id='word_1_104' title='bbox 1212 1365 1263 1429; x_wconf 80' lang='lat' dir='ltr'><strong>nisi</strong></span> <span class='ocrx_word' id='word_1_105' title='bbox 1301 1388 1304 1435; x_wconf 87' lang='grc' dir='ltr'>ι</span> 
     </span>
     <span class='ocr_line' id='line_1_12' title="bbox 173 1444 1262 1553; baseline -0.005 -18"><span class='ocrx_word' id='word_1_106' title='bbox 173 1472 393 1553; x_wconf 91' lang='lat' dir='ltr'><strong>procellosum</strong></span> <span class='ocrx_word' id='word_1_107' title='bbox 420 1474 549 1552; x_wconf 89' lang='lat' dir='ltr'><strong>tempus</strong></span> <span class='ocrx_word' id='word_1_108' title='bbox 572 1444 745 1550; x_wconf 66' lang='lat' dir='ltr'><strong>mtirlligas,</strong></span> <span class='ocrx_word' id='word_1_109' title='bbox 770 1467 874 1532; x_wconf 87' lang='lat' dir='ltr'><strong>dilata</strong></span> <span class='ocrx_word' id='word_1_110' title='bbox 888 1467 1085 1532; x_wconf 86' lang='lat' dir='ltr'><strong>Graecomm</strong></span> <span class='ocrx_word' id='word_1_111' title='bbox 1110 1469 1262 1552; x_wconf 80' lang='lat' dir='ltr'><strong>navigah&#39;o</strong></span> 
     </span>
     <span class='ocr_line' id='line_1_13' title="bbox 173 1567 1260 1654; baseline -0.004 -18"><span class='ocrx_word' id='word_1_112' title='bbox 173 1571 240 1636; x_wconf 90' lang='lat' dir='ltr'><strong>dici</strong></span> <span class='ocrx_word' id='word_1_113' title='bbox 255 1572 379 1654; x_wconf 87' lang='lat' dir='ltr'><strong>nequit.</strong></span> <span class='ocrx_word' id='word_1_114' title='bbox 423 1570 564 1637; x_wconf 78' lang='lat' dir='ltr'><strong>&#39;l&#39;radita</strong></span> <span class='ocrx_word' id='word_1_115' title='bbox 586 1572 661 1635; x_wconf 83' lang='lat' dir='ltr'><strong>haec</strong></span> <span class='ocrx_word' id='word_1_116' title='bbox 682 1571 872 1635; x_wconf 76' lang='lat' dir='ltr'><strong>accuratius</strong></span> <span class='ocrx_word' id='word_1_117' title='bbox 895 1569 1023 1632; x_wconf 85' lang='lat' dir='ltr'><strong>suemnt</strong></span> <span class='ocrx_word' id='word_1_118' title='bbox 1037 1567 1128 1632; x_wconf 89' lang='lat' dir='ltr'><strong>haud</strong></span> <span class='ocrx_word' id='word_1_119' title='bbox 1144 1568 1260 1632; x_wconf 88' lang='lat' dir='ltr'><strong>dubiea</strong></span> 
     </span>
     <span class='ocr_line' id='line_1_14' title="bbox 172 1669 1261 1754; baseline -0.002 -20"><span class='ocrx_word' id='word_1_120' title='bbox 172 1672 351 1747; x_wconf 84' lang='lat' dir='ltr'><strong>veteribus,</strong></span> <span class='ocrx_word' id='word_1_121' title='bbox 368 1671 415 1734; x_wconf 91' lang='lat' dir='ltr'><strong>uti</strong></span> <span class='ocrx_word' id='word_1_122' title='bbox 429 1691 474 1734; x_wconf 87' lang='lat' dir='ltr'><strong>ex</strong></span> <span class='ocrx_word' id='word_1_123' title='bbox 494 1671 618 1754; x_wconf 81' lang='lat' dir='ltr'><strong>Dictys</strong></span> <span class='ocrx_word' id='word_1_124' title='bbox 640 1671 760 1753; x_wconf 86' lang='lat' dir='ltr'><strong>colligo</strong></span> <span class='ocrx_word' id='word_1_125' title='bbox 779 1671 837 1734; x_wconf 91' lang='lat' dir='ltr'><strong>lib.</strong></span> <span class='ocrx_word' id='word_1_126' title='bbox 858 1686 890 1746; x_wconf 92' lang='lat' dir='ltr'><strong>v,</strong></span> <span class='ocrx_word' id='word_1_127' title='bbox 905 1670 939 1745; x_wconf 81' lang='lat'><strong>8,</strong></span> <span class='ocrx_word' id='word_1_128' title='bbox 955 1670 1012 1734; x_wconf 92' lang='lat' dir='ltr'><strong>ubi</strong></span> <span class='ocrx_word' id='word_1_129' title='bbox 1027 1673 1061 1734; x_wconf 94' lang='lat' dir='ltr'><strong>in</strong></span> <span class='ocrx_word' id='word_1_130' title='bbox 1074 1669 1261 1752; x_wconf 86' lang='lat' dir='ltr'><strong>paciscendo</strong></span> 
     </span>
     <span class='ocr_line' id='line_1_15' title="bbox 174 1771 1304 1855; baseline -0.001 -19"><span class='ocrx_word' id='word_1_131' title='bbox 174 1792 251 1836; x_wconf 92' lang='lat' dir='ltr'><strong>cum</strong></span> <span class='ocrx_word' id='word_1_132' title='bbox 266 1775 430 1836; x_wconf 80' lang='lat' dir='ltr'><strong>Antenore</strong></span> <span class='ocrx_word' id='word_1_133' title='bbox 445 1772 584 1855; x_wconf 88' lang='lat' dir='ltr'><strong>Ulysses</strong></span> <span class='ocrx_word' id='word_1_134' title='bbox 599 1780 702 1854; x_wconf 87' lang='lat' dir='ltr'><strong>urget,</strong></span> <span class='ocrx_word' id='word_1_135' title='bbox 718 1778 873 1853; x_wconf 88' lang='lat' dir='ltr'><strong>‘tempus</strong></span> <span class='ocrx_word' id='word_1_136' title='bbox 895 1771 938 1835; x_wconf 83' lang='lat' dir='ltr'><strong>ad</strong></span> <span class='ocrx_word' id='word_1_137' title='bbox 961 1773 1186 1854; x_wconf 86' lang='lat' dir='ltr'><strong>navigandum</strong></span> <span class='ocrx_word' id='word_1_138' title='bbox 1207 1772 1262 1838; x_wconf 86' lang='lat' dir='ltr'><strong>ido·</strong></span> <span class='ocrx_word' id='word_1_139' title='bbox 1302 1814 1304 1849; x_wconf 82' lang='grc'>,</span> 
     </span>
     <span class='ocr_line' id='line_1_16' title="bbox 173 1860 1304 1958; baseline 0 -25"><span class='ocrx_word' id='word_1_140' title='bbox 173 1890 270 1935; x_wconf 89' lang='lat' dir='ltr'><strong>neum</strong></span> <span class='ocrx_word' id='word_1_141' title='bbox 285 1872 534 1954; x_wconf 60' lang='lat' dir='ltr'><strong>praetervolare:</strong></span> <span class='ocrx_word' id='word_1_142' title='bbox 550 1877 582 1934; x_wconf 90' lang='lat' dir='ltr'><strong>et</strong></span> <span class='ocrx_word' id='word_1_143' title='bbox 603 1887 637 1948; x_wconf 85' lang='grc' dir='ltr'><strong>ν,</strong></span> <span class='ocrx_word' id='word_1_144' title='bbox 660 1872 705 1936; x_wconf 90' lang='grc'><strong>16</strong></span> <span class='ocrx_word' id='word_1_145' title='bbox 730 1878 886 1954; x_wconf 86' lang='lat' dir='ltr'><strong>‘urgente</strong></span> <span class='ocrx_word' id='word_1_146' title='bbox 907 1873 1033 1954; x_wconf 83' lang='lat' dir='ltr'><strong>navigii</strong></span> <span class='ocrx_word' id='word_1_147' title='bbox 1056 1876 1262 1958; x_wconf 85' lang='lat' dir='ltr'><strong>tempore,’et</strong></span> <span class='ocrx_word' id='word_1_148' title='bbox 1301 1860 1304 1933; x_wconf 75' lang='lat' dir='ltr'><strong>i</strong></span> 
     </span>
     <span class='ocr_line' id='line_1_17' title="bbox 173 1972 1304 2061; baseline 0.006 -26"><span class='ocrx_word' id='word_1_149' title='bbox 173 1991 204 2036; x_wconf 89' lang='lat' dir='ltr'><strong>c.</strong></span> <span class='ocrx_word' id='word_1_150' title='bbox 219 1972 263 2037; x_wconf 89' lang='grc'><strong>17</strong></span> <span class='ocrx_word' id='word_1_151' title='bbox 278 1974 385 2054; x_wconf 88' lang='lat' dir='ltr'><strong>pr.-‘</strong></span> <span class='ocrx_word' id='word_1_152' title='bbox 398 1972 503 2048; x_wconf 87' lang='lat' dir='ltr'><strong>veriti,</strong></span> <span class='ocrx_word' id='word_1_153' title='bbox 517 1990 558 2035; x_wconf 89' lang='lat' dir='ltr'><strong>ne</strong></span> <span class='ocrx_word' id='word_1_154' title='bbox 582 1993 642 2055; x_wconf 86' lang='lat' dir='ltr'><strong>per</strong></span> <span class='ocrx_word' id='word_1_155' title='bbox 666 1993 802 2047; x_wconf 88' lang='lat' dir='ltr'><strong>moram,</strong></span> <span class='ocrx_word' id='word_1_156' title='bbox 828 1976 1008 2039; x_wconf 84' lang='lat' dir='ltr'><strong>interventu</strong></span> <span class='ocrx_word' id='word_1_157' title='bbox 1033 1975 1175 2058; x_wconf 87' lang='lat' dir='ltr'><strong>hyemis,</strong></span> <span class='ocrx_word' id='word_1_158' title='bbox 1200 1995 1261 2061; x_wconf 81' lang='lat' dir='ltr'><strong>quo</strong></span> <span class='ocrx_word' id='word_1_159' title='bbox 1302 2042 1304 2051; x_wconf 84' lang='grc'>,</span> 
     </span>
     <span class='ocr_line' id='line_1_18' title="bbox 172 2072 873 2155; baseline 0.004 -20"><span class='ocrx_word' id='word_1_160' title='bbox 172 2072 355 2155; x_wconf 81' lang='lat' dir='ltr'><strong>ingmebat,</strong></span> <span class='ocrx_word' id='word_1_161' title='bbox 370 2089 392 2134; x_wconf 87' lang='lat' dir='ltr'><strong>a</strong></span> <span class='ocrx_word' id='word_1_162' title='bbox 404 2072 590 2153; x_wconf 78' lang='lat' dir='ltr'><strong>navigando</strong></span> <span class='ocrx_word' id='word_1_163' title='bbox 604 2072 873 2138; x_wconf 70' lang='lat' dir='ltr'><strong>excluderentur!</strong></span> 
     </span>
     <span class='ocr_line' id='line_1_19' title="bbox 215 2171 1262 2259; baseline 0.009 -23"><span class='ocrx_word' id='word_1_164' title='bbox 215 2171 264 2238; x_wconf 82' lang='lat' dir='ltr'><strong>At</strong></span> <span class='ocrx_word' id='word_1_165' title='bbox 277 2173 414 2249; x_wconf 83' lang='lat' dir='ltr'><strong>AEneas‚</strong></span> <span class='ocrx_word' id='word_1_166' title='bbox 431 2173 488 2254; x_wconf 91' lang='lat' dir='ltr'><strong>qui</strong></span> <span class='ocrx_word' id='word_1_167' title='bbox 503 2179 603 2256; x_wconf 90' lang='lat' dir='ltr'><strong>capta</strong></span> <span class='ocrx_word' id='word_1_168' title='bbox 617 2174 721 2259; x_wconf 86' lang='lat' dir='ltr'><strong>Troja</strong></span> <span class='ocrx_word' id='word_1_169' title='bbox 731 2196 768 2238; x_wconf 87' lang='lat' dir='ltr'><strong>se</strong></span> <span class='ocrx_word' id='word_1_170' title='bbox 782 2177 816 2238; x_wconf 92' lang='lat' dir='ltr'><strong>in</strong></span> <span class='ocrx_word' id='word_1_171' title='bbox 829 2182 973 2239; x_wconf 80' lang='lat' dir='ltr'><strong>montem</strong></span> <span class='ocrx_word' id='word_1_172' title='bbox 992 2175 1093 2240; x_wconf 89' lang='lat' dir='ltr'><strong>Idam</strong></span> <span class='ocrx_word' id='word_1_173' title='bbox 1112 2198 1190 2251; x_wconf 84' lang='lat' dir='ltr'><strong>cum</strong></span> <span class='ocrx_word' id='word_1_174' title='bbox 1207 2178 1262 2244; x_wconf 72' lang='lat' dir='ltr'><strong>suis</strong></span> 
     </span>
    </p>
   </div>
   <div class='ocr_carea' id='block_1_3' title="bbox 50 2272 1264 2357">
    <p class='ocr_par' dir='ltr' id='par_1_3' title="bbox 50 2272 1264 2357">
     <span class='ocr_line' id='line_1_20' title="bbox 50 2272 1264 2357; baseline 0.007 -22"><span class='ocrx_word' id='word_1_175' title='bbox 50 2324 55 2335; x_wconf 94' lang='lat'><strong><em>.</em></strong></span> <span class='ocrx_word' id='word_1_176' title='bbox 173 2281 351 2357; x_wconf 85' lang='lat' dir='ltr'><strong>receperat,</strong></span> <span class='ocrx_word' id='word_1_177' title='bbox 365 2275 408 2339; x_wconf 90' lang='lat' dir='ltr'><strong>ab</strong></span> <span class='ocrx_word' id='word_1_178' title='bbox 423 2272 573 2338; x_wconf 82' lang='lat' dir='ltr'><strong>Australi</strong></span> <span class='ocrx_word' id='word_1_179' title='bbox 589 2281 683 2357; x_wconf 87' lang='lat' dir='ltr'><strong>parte</strong></span> <span class='ocrx_word' id='word_1_180' title='bbox 696 2293 811 2338; x_wconf 88' lang='lat' dir='ltr'><strong>versus</strong></span> <span class='ocrx_word' id='word_1_181' title='bbox 826 2274 1033 2339; x_wconf 87' lang='lat' dir='ltr'><strong>Antandrum</strong></span> <span class='ocrx_word' id='word_1_182' title='bbox 1047 2272 1264 2357; x_wconf 69' lang='lat' dir='ltr'><strong>descinditet</strong></span> 
     </span>
    </p>
   </div>
   <div class='ocr_carea' id='block_1_4' title="bbox 171 2373 1278 3366">
    <p class='ocr_par' dir='ltr' id='par_1_4' title="bbox 171 2373 1278 3366">
     <span class='ocr_line' id='line_1_21' title="bbox 172 2373 1264 2458; baseline 0.005 -21"><span class='ocrx_word' id='word_1_183' title='bbox 172 2373 207 2437; x_wconf 93' lang='lat' dir='ltr'><strong>in</strong></span> <span class='ocrx_word' id='word_1_184' title='bbox 232 2374 328 2458; x_wconf 87' lang='lat' dir='ltr'><strong>hujus</strong></span> <span class='ocrx_word' id='word_1_185' title='bbox 352 2375 441 2439; x_wconf 89' lang='lat' dir='ltr'><strong>urhis</strong></span> <span class='ocrx_word' id='word_1_186' title='bbox 474 2382 572 2458; x_wconf 89' lang='lat' dir='ltr'><strong>portu</strong></span> <span class='ocrx_word' id='word_1_187' title='bbox 597 2376 737 2440; x_wconf 84' lang='lat' dir='ltr'><strong>classem</strong></span> <span class='ocrx_word' id='word_1_188' title='bbox 762 2377 854 2441; x_wconf 89' lang='lat' dir='ltr'><strong>sacit.</strong></span> <span class='ocrx_word' id='word_1_189' title='bbox 899 2375 940 2439; x_wconf 93' lang='lat' dir='ltr'><strong>In</strong></span> <span class='ocrx_word' id='word_1_190' title='bbox 954 2377 1064 2440; x_wconf 85' lang='lat' dir='ltr'><strong>classe</strong></span> <span class='ocrx_word' id='word_1_191' title='bbox 1078 2379 1264 2447; x_wconf 81' lang='lat' dir='ltr'><strong>faciendaet</strong></span> 
     </span>
     <span class='ocr_line' id='line_1_22' title="bbox 173 2474 1264 2564; baseline 0.009 -28"><span class='ocrx_word' id='word_1_192' title='bbox 173 2474 360 2543; x_wconf 89' lang='lat' dir='ltr'><strong>instmenda</strong></span> <span class='ocrx_word' id='word_1_193' title='bbox 381 2475 494 2558; x_wconf 91' lang='lat' dir='ltr'><strong>hyems</strong></span> <span class='ocrx_word' id='word_1_194' title='bbox 520 2478 733 2555; x_wconf 89' lang='lat' dir='ltr'><strong>consumitur,</strong></span> <span class='ocrx_word' id='word_1_195' title='bbox 748 2478 808 2543; x_wconf 87' lang='lat' dir='ltr'><strong>lib.</strong></span> <span class='ocrx_word' id='word_1_196' title='bbox 825 2495 866 2554; x_wconf 90' lang='grc' dir='ltr'><strong>ιι,</strong></span> <span class='ocrx_word' id='word_1_197' title='bbox 881 2479 914 2554; x_wconf 89' lang='grc'><strong>5,</strong></span> <span class='ocrx_word' id='word_1_198' title='bbox 929 2479 952 2542; x_wconf 91' lang='grc'><strong>6</strong></span> <span class='ocrx_word' id='word_1_199' title='bbox 966 2483 976 2510; x_wconf 93' lang='lat'>‘</span> <span class='ocrx_word' id='word_1_200' title='bbox 992 2477 1203 2564; x_wconf 85' lang='lat' dir='ltr'><strong>classemque</strong></span> <span class='ocrx_word' id='word_1_201' title='bbox 1215 2481 1264 2546; x_wconf 81' lang='lat' dir='ltr'><strong>sub</strong></span> 
     </span>
     <span class='ocr_line' id='line_1_23' title="bbox 172 2571 1266 2657; baseline 0.01 -22"><span class='ocrx_word' id='word_1_202' title='bbox 172 2571 249 2655; x_wconf 90' lang='lat' dir='ltr'><strong>ipsa</strong></span> <span class='ocrx_word' id='word_1_203' title='bbox 261 2572 432 2637; x_wconf 86' lang='lat' dir='ltr'><strong>Antandro</strong></span> <span class='ocrx_word' id='word_1_204' title='bbox 447 2579 480 2637; x_wconf 93' lang='lat' dir='ltr'><strong>et</strong></span> <span class='ocrx_word' id='word_1_205' title='bbox 494 2573 649 2657; x_wconf 74' lang='lat' dir='ltr'><strong>Phrygiae</strong></span> <span class='ocrx_word' id='word_1_206' title='bbox 664 2577 817 2640; x_wconf 89' lang='lat' dir='ltr'><strong>molimur</strong></span> <span class='ocrx_word' id='word_1_207' title='bbox 829 2579 995 2642; x_wconf 88' lang='lat' dir='ltr'><strong>montibus</strong></span> <span class='ocrx_word' id='word_1_208' title='bbox 1011 2577 1107 2646; x_wconf 72' lang='lat' dir='ltr'><strong>Ida?</strong></span> <span class='ocrx_word' id='word_1_209' title='bbox 1152 2582 1266 2650; x_wconf 85' lang='lat' dir='ltr'><strong>Secnn·</strong></span> 
     </span>
     <span class='ocr_line' id='line_1_24' title="bbox 172 2670 1267 2768; baseline 0.015 -35"><span class='ocrx_word' id='word_1_210' title='bbox 172 2670 252 2734; x_wconf 90' lang='lat' dir='ltr'><strong>dum</strong></span> <span class='ocrx_word' id='word_1_211' title='bbox 275 2671 430 2754; x_wconf 87' lang='lat' dir='ltr'><strong>Dionysii</strong></span> <span class='ocrx_word' id='word_1_212' title='bbox 456 2673 571 2738; x_wconf 81' lang='lat' dir='ltr'><strong>Helie.</strong></span> <span class='ocrx_word' id='word_1_213' title='bbox 596 2691 622 2750; x_wconf 89' lang='lat'><strong>1,</strong></span> <span class='ocrx_word' id='word_1_214' title='bbox 640 2676 684 2738; x_wconf 87' lang='lat'><strong>63</strong></span> <span class='ocrx_word' id='word_1_215' title='bbox 708 2678 867 2755; x_wconf 86' lang='lat' dir='ltr'><strong>calculos,</strong></span> <span class='ocrx_word' id='word_1_216' title='bbox 887 2678 959 2761; x_wconf 88' lang='lat' dir='ltr'><strong>jam</strong></span> <span class='ocrx_word' id='word_1_217' title='bbox 979 2681 1150 2746; x_wconf 81' lang='lat' dir='ltr'><strong>autumni&#39;</strong></span> <span class='ocrx_word' id='word_1_218' title='bbox 1177 2683 1267 2768; x_wconf 82' lang='lat' dir='ltr'><strong>huju</strong></span> 
     </span>
     <span class='ocr_line' id='line_1_25' title="bbox 172 2771 1270 2863; baseline 0.012 -26"><span class='ocrx_word' id='word_1_219' title='bbox 172 2771 250 2838; x_wconf 72' lang='lat' dir='ltr'><strong>atini</strong></span> <span class='ocrx_word' id='word_1_220' title='bbox 272 2772 365 2834; x_wconf 91' lang='lat' dir='ltr'><strong>initio</strong></span> <span class='ocrx_word' id='word_1_221' title='bbox 386 2771 523 2857; x_wconf 89' lang='lat' dir='ltr'><strong>Trojaui</strong></span> <span class='ocrx_word' id='word_1_222' title='bbox 548 2774 802 2859; x_wconf 89' lang='lat' dir='ltr'><strong>Hellespontum</strong></span> <span class='ocrx_word' id='word_1_223' title='bbox 830 2780 997 2863; x_wconf 88' lang='lat' dir='ltr'><strong>trajiciunt</strong></span> <span class='ocrx_word' id='word_1_224' title='bbox 1021 2786 1054 2844; x_wconf 89' lang='lat' dir='ltr'><strong>et</strong></span> <span class='ocrx_word' id='word_1_225' title='bbox 1078 2782 1114 2845; x_wconf 90' lang='lat' dir='ltr'><strong>in</strong></span> <span class='ocrx_word' id='word_1_226' title='bbox 1134 2782 1270 2849; x_wconf 76' lang='lat' dir='ltr'><strong>lhracir</strong></span> 
     </span>
     <span class='ocr_line' id='line_1_26' title="bbox 171 2869 1271 2967; baseline 0.014 -32"><span class='ocrx_word' id='word_1_227' title='bbox 171 2869 320 2952; x_wconf 89' lang='lat' dir='ltr'><strong>hyemem</strong></span> <span class='ocrx_word' id='word_1_228' title='bbox 334 2872 481 2954; x_wconf 83' lang='lat' dir='ltr'><strong>exigunt,</strong></span> <span class='ocrx_word' id='word_1_229' title='bbox 497 2873 540 2940; x_wconf 86' lang='lat' dir='ltr'><strong>ad</strong></span> <span class='ocrx_word' id='word_1_230' title='bbox 554 2874 702 2939; x_wconf 87' lang='lat' dir='ltr'><strong>historiae</strong></span> <span class='ocrx_word' id='word_1_231' title='bbox 719 2878 887 2944; x_wconf 84' lang='lat' dir='ltr'><strong>veritatem</strong></span> <span class='ocrx_word' id='word_1_232' title='bbox 901 2880 988 2943; x_wconf 84' lang='lat' dir='ltr'><strong>haud</strong></span> <span class='ocrx_word' id='word_1_233' title='bbox 1002 2880 1104 2946; x_wconf 88' lang='lat' dir='ltr'><strong>dubie</strong></span> <span class='ocrx_word' id='word_1_234' title='bbox 1117 2886 1271 2967; x_wconf 85' lang='lat' dir='ltr'><strong>pmpiua;</strong></span> 
     </span>
     <span class='ocr_line' id='line_1_27' title="bbox 172 2969 1275 3060; baseline 0.015 -26"><span class='ocrx_word' id='word_1_235' title='bbox 172 2969 231 3035; x_wconf 86' lang='lat' dir='ltr'><strong>sed</strong></span> <span class='ocrx_word' id='word_1_236' title='bbox 251 2969 337 3035; x_wconf 90' lang='lat' dir='ltr'><strong>hanc</strong></span> <span class='ocrx_word' id='word_1_237' title='bbox 361 2970 508 3036; x_wconf 88' lang='lat' dir='ltr'><strong>deserere</strong></span> <span class='ocrx_word' id='word_1_238' title='bbox 534 2981 622 3038; x_wconf 85' lang='lat' dir='ltr'><strong>recte</strong></span> <span class='ocrx_word' id='word_1_239' title='bbox 646 2977 755 3057; x_wconf 87' lang='lat' dir='ltr'><strong>potuit</strong></span> <span class='ocrx_word' id='word_1_240' title='bbox 769 2978 878 3060; x_wconf 80' lang='lat' dir='ltr'><strong>po&#39;eta.</strong></span> <span class='ocrx_word' id='word_1_241' title='bbox 922 2979 978 3043; x_wconf 89' lang='lat' dir='ltr'><strong>Ab</strong></span> <span class='ocrx_word' id='word_1_242' title='bbox 993 2982 1140 3046; x_wconf 86' lang='lat' dir='ltr'><strong>omnium</strong></span> <span class='ocrx_word' id='word_1_243' title='bbox 1154 2995 1275 3051; x_wconf 87' lang='lat' dir='ltr'><strong>cetero·</strong></span> 
     </span>
     <span class='ocr_line' id='line_1_28' title="bbox 171 3069 1276 3169; baseline 0.014 -36"><span class='ocrx_word' id='word_1_244' title='bbox 171 3088 243 3134; x_wconf 89' lang='lat' dir='ltr'><strong>rum</strong></span> <span class='ocrx_word' id='word_1_245' title='bbox 258 3069 322 3134; x_wconf 89' lang='lat' dir='ltr'><strong>fide</strong></span> <span class='ocrx_word' id='word_1_246' title='bbox 335 3072 470 3149; x_wconf 89' lang='lat' dir='ltr'><strong>recedit,</strong></span> <span class='ocrx_word' id='word_1_247' title='bbox 486 3073 576 3155; x_wconf 92' lang='lat' dir='ltr'><strong>quod</strong></span> <span class='ocrx_word' id='word_1_248' title='bbox 589 3073 632 3136; x_wconf 89' lang='lat' dir='ltr'><strong>ad</strong></span> <span class='ocrx_word' id='word_1_249' title='bbox 647 3075 724 3137; x_wconf 88' lang='lat' dir='ltr'><strong>AEn.</strong></span> <span class='ocrx_word' id='word_1_250' title='bbox 744 3094 799 3155; x_wconf 87' lang='lat'>111,</span> <span class='ocrx_word' id='word_1_251' title='bbox 815 3082 838 3142; x_wconf 79' lang='grc'>8</span> <span class='ocrx_word' id='word_1_252' title='bbox 858 3079 991 3146; x_wconf 90' lang='lat' dir='ltr'><strong>Servius</strong></span> <span class='ocrx_word' id='word_1_253' title='bbox 1013 3102 1056 3145; x_wconf 82' lang='lat' dir='ltr'><strong>ex</strong></span> <span class='ocrx_word' id='word_1_254' title='bbox 1078 3082 1276 3169; x_wconf 86' lang='lat' dir='ltr'><strong>Palaephato</strong></span> 
     </span>
     <span class='ocr_line' id='line_1_29' title="bbox 171 3170 1277 3260; baseline 0.015 -27"><span class='ocrx_word' id='word_1_255' title='bbox 171 3170 243 3253; x_wconf 90' lang='lat' dir='ltr'><strong>(qui</strong></span> <span class='ocrx_word' id='word_1_256' title='bbox 264 3171 376 3254; x_wconf 88' lang='lat' dir='ltr'><strong>junior</strong></span> <span class='ocrx_word' id='word_1_257' title='bbox 396 3173 461 3250; x_wconf 87' lang='lat' dir='ltr'><strong>ille,</strong></span> <span class='ocrx_word' id='word_1_258' title='bbox 488 3180 617 3260; x_wconf 77' lang='grc' dir='ltr'><strong><em>Τρωῑκῶν</em></strong></span> <span class='ocrx_word' id='word_1_259' title='bbox 639 3183 754 3241; x_wconf 90' lang='lat' dir='ltr'><strong>auctor</strong></span> <span class='ocrx_word' id='word_1_260' title='bbox 778 3198 852 3242; x_wconf 88' lang='lat' dir='ltr'><strong>esse</strong></span> <span class='ocrx_word' id='word_1_261' title='bbox 877 3181 1014 3259; x_wconf 81' lang='lat' dir='ltr'><strong>videtin,</strong></span> <span class='ocrx_word' id='word_1_262' title='bbox 1040 3203 1074 3247; x_wconf 86' lang='lat' dir='ltr'><strong>v.</strong></span> <span class='ocrx_word' id='word_1_263' title='bbox 1101 3185 1146 3248; x_wconf 89' lang='lat' dir='ltr'><strong>ad</strong></span> <span class='ocrx_word' id='word_1_264' title='bbox 1169 3186 1231 3251; x_wconf 90' lang='lat' dir='ltr'><strong>lib.</strong></span> <span class='ocrx_word' id='word_1_265' title='bbox 1248 3201 1277 3250; x_wconf 92' lang='grc' dir='ltr'><strong>ιι</strong></span> 
     </span>
     <span class='ocr_line' id='line_1_30' title="bbox 171 3270 1278 3366; baseline 0.016 -30"><span class='ocrx_word' id='word_1_266' title='bbox 171 3270 257 3336; x_wconf 83' lang='grc' dir='ltr'>Ειιο.</span> <span class='ocrx_word' id='word_1_267' title='bbox 285 3289 299 3334; x_wconf 86' lang='lat' dir='ltr'><strong>r</strong></span> <span class='ocrx_word' id='word_1_268' title='bbox 323 3293 358 3354; x_wconf 89' lang='lat' dir='ltr'><strong>p.</strong></span> <span class='ocrx_word' id='word_1_269' title='bbox 374 3274 452 3352; x_wconf 75' lang='lat'>362)</span> <span class='ocrx_word' id='word_1_270' title='bbox 476 3282 578 3354; x_wconf 87' lang='lat' dir='ltr'><strong>notat,</strong></span> <span class='ocrx_word' id='word_1_271' title='bbox 601 3281 726 3361; x_wconf 87' lang='lat' dir='ltr'><strong>‘capto</strong></span> <span class='ocrx_word' id='word_1_272' title='bbox 750 3278 815 3344; x_wconf 92' lang='lat' dir='ltr'><strong>llio</strong></span> <span class='ocrx_word' id='word_1_273' title='bbox 837 3281 979 3347; x_wconf 87' lang='lat' dir='ltr'><strong>AEneam</strong></span> <span class='ocrx_word' id='word_1_274' title='bbox 1003 3290 1080 3366; x_wconf 86' lang='lat' dir='ltr'><strong>post</strong></span> <span class='ocrx_word' id='word_1_275' title='bbox 1100 3287 1278 3353; x_wconf 88' lang='lat' dir='ltr'><strong>triennium</strong></span> 
     </span>
    </p>
   </div>
   <div class='ocr_carea' id='block_1_5' title="bbox 55 3371 368 3452">
    <p class='ocr_par' dir='ltr' id='par_1_5' title="bbox 55 3371 368 3452">
     <span class='ocr_line' id='line_1_31' title="bbox 55 3371 368 3452; baseline 0.019 -22"><span class='ocrx_word' id='word_1_276' title='bbox 55 3379 59 3387; x_wconf 89' lang='lat'>&#39;</span> <span class='ocrx_word' id='word_1_277' title='bbox 170 3371 368 3452; x_wconf 86' lang='lat' dir='ltr'><strong>navigasse.&#39;</strong></span> 
     </span>
    </p>
   </div>
   <div class='ocr_carea' id='block_1_6' title="bbox 170 3468 1273 3661">
    <p class='ocr_par' dir='ltr' id='par_1_6' title="bbox 170 3468 1273 3661">
     <span class='ocr_line' id='line_1_32' title="bbox 213 3468 1273 3572; baseline 0.021 -42"><span class='ocrx_word' id='word_1_278' title='bbox 213 3468 363 3537; x_wconf 86' lang='lat' dir='ltr'><strong>Antenor</strong></span> <span class='ocrx_word' id='word_1_279' title='bbox 388 3474 511 3540; x_wconf 86' lang='lat' dir='ltr'><strong>interea</strong></span> <span class='ocrx_word' id='word_1_280' title='bbox 536 3484 569 3541; x_wconf 90' lang='lat' dir='ltr'><strong>et</strong></span> <span class='ocrx_word' id='word_1_281' title='bbox 590 3480 663 3562; x_wconf 83' lang='lat' dir='ltr'><strong>ipse</strong></span> <span class='ocrx_word' id='word_1_282' title='bbox 679 3481 862 3548; x_wconf 89' lang='lat' dir='ltr'><strong>discessum</strong></span> <span class='ocrx_word' id='word_1_283' title='bbox 880 3490 985 3566; x_wconf 89' lang='lat' dir='ltr'><strong>parat,</strong></span> <span class='ocrx_word' id='word_1_284' title='bbox 1002 3492 1035 3550; x_wconf 93' lang='lat' dir='ltr'><strong>et</strong></span> <span class='ocrx_word' id='word_1_285' title='bbox 1047 3487 1112 3551; x_wconf 89' lang='lat' dir='ltr'><strong>iter</strong></span> <span class='ocrx_word' id='word_1_286' title='bbox 1126 3487 1273 3572; x_wconf 86' lang='lat' dir='ltr'><strong>quidem,</strong></span> 
     </span>
     <span class='ocr_line' id='line_1_33' title="bbox 170 3570 1271 3661; baseline 0.024 -31"><span class='ocrx_word' id='word_1_287' title='bbox 170 3570 261 3650; x_wconf 88' lang='lat' dir='ltr'><strong>quod</strong></span> <span class='ocrx_word' id='word_1_288' title='bbox 286 3578 319 3639; x_wconf 89' lang='lat' dir='ltr'><strong>et</strong></span> <span class='ocrx_word' id='word_1_289' title='bbox 342 3574 468 3642; x_wconf 89' lang='lat' dir='ltr'><strong>AEneas</strong></span> <span class='ocrx_word' id='word_1_290' title='bbox 492 3576 599 3645; x_wconf 81' lang='lat' dir='ltr'><strong>facere</strong></span> <span class='ocrx_word' id='word_1_291' title='bbox 623 3580 821 3661; x_wconf 87' lang='lat' dir='ltr'><strong>decreverat,</strong></span> <span class='ocrx_word' id='word_1_292' title='bbox 839 3603 955 3652; x_wconf 84' lang='lat' dir='ltr'><strong>versus</strong></span> <span class='ocrx_word' id='word_1_293' title='bbox 970 3585 1103 3652; x_wconf 86' lang='lat' dir='ltr'><strong>Italiam</strong></span> <span class='ocrx_word' id='word_1_294' title='bbox 1118 3589 1271 3656; x_wconf 76' lang='lat' dir='ltr'><strong>instituit</strong></span> 
     </span>
    </p>
   </div>
   <div class='ocr_carea' id='block_1_7' title="bbox 664 3744 836 3801">
    <p class='ocr_par' dir='ltr' id='par_1_7' title="bbox 664 3744 836 3801">
     <span class='ocr_line' id='line_1_34' title="bbox 664 3744 836 3801; baseline 0.047 -8"><span class='ocrx_word' id='word_1_295' title='bbox 664 3744 771 3796; x_wconf 81' lang='lat' dir='ltr'><strong>NOTA.</strong></span> <span class='ocrx_word' id='word_1_296' title='bbox 832 3794 836 3801; x_wconf 93' lang='lat'>.</span> 
     </span>
    </p>
   </div>
   <div class='ocr_carea' id='block_1_8' title="bbox 168 3861 1269 4167">
    <p class='ocr_par' dir='ltr' id='par_1_8' title="bbox 168 3861 1269 4167">
     <span class='ocr_line' id='line_1_35' title="bbox 203 3861 1269 3935; baseline 0.024 -25"><span class='ocrx_word' id='word_1_297' title='bbox 203 3863 211 3888; x_wconf 92' lang='lat'><strong>¹</strong></span> <span class='ocrx_word' id='word_1_298' title='bbox 231 3861 340 3928; x_wconf 84' lang='lat' dir='ltr'><strong>Dionyr.</strong></span> <span class='ocrx_word' id='word_1_299' title='bbox 357 3867 460 3931; x_wconf 85' lang='lat' dir='ltr'><strong>quidem</strong></span> <span class='ocrx_word' id='word_1_300' title='bbox 472 3870 566 3933; x_wconf 69' lang='grc' dir='ltr'><strong>τᾷιξῆς</strong></span> <span class='ocrx_word' id='word_1_301' title='bbox 578 3869 699 3934; x_wconf 52' lang='lat' dir='ltr'><strong>hastae</strong></span> <span class='ocrx_word' id='word_1_302' title='bbox 740 3874 838 3924; x_wconf 85' lang='lat' dir='ltr'><strong>initium</strong></span> <span class='ocrx_word' id='word_1_303' title='bbox 855 3876 934 3928; x_wconf 88' lang='lat' dir='ltr'><strong>habet</strong></span> <span class='ocrx_word' id='word_1_304' title='bbox 949 3885 1049 3930; x_wconf 85' lang='lat' dir='ltr'><strong>etcum</strong></span> <span class='ocrx_word' id='word_1_305' title='bbox 1067 3883 1142 3933; x_wconf 77' lang='lat' dir='ltr'><strong>anuis</strong></span> <span class='ocrx_word' id='word_1_306' title='bbox 1160 3883 1269 3935; x_wconf 80' lang='lat' dir='ltr'><strong>adeoO·</strong></span> 
     </span>
     <span class='ocr_line' id='line_1_36' title="bbox 168 3940 1268 4022; baseline 0.019 -33"><span class='ocrx_word' id='word_1_307' title='bbox 168 3960 201 4002; x_wconf 73' lang='grc' dir='ltr'><strong>τῳ</strong></span> <span class='ocrx_word' id='word_1_308' title='bbox 211 3940 237 3990; x_wconf 70' lang='grc' dir='ltr'><strong>δὲ</strong></span> <span class='ocrx_word' id='word_1_309' title='bbox 247 3943 308 4002; x_wconf 57' lang='grc' dir='ltr'><strong>μετὰ</strong></span> <span class='ocrx_word' id='word_1_310' title='bbox 324 3943 370 4002; x_wconf 70' lang='grc' dir='ltr'><strong>τὴν</strong></span> <span class='ocrx_word' id='word_1_311' title='bbox 385 3942 485 3995; x_wconf 61' lang='lat' dir='ltr'><strong>hmo:</strong></span> <span class='ocrx_word' id='word_1_312' title='bbox 504 3950 549 3997; x_wconf 81' lang='lat' dir='ltr'><strong>red</strong></span> <span class='ocrx_word' id='word_1_313' title='bbox 561 3950 645 3999; x_wconf 90' lang='lat' dir='ltr'><strong>utitur</strong></span> <span class='ocrx_word' id='word_1_314' title='bbox 654 3951 698 3999; x_wconf 85' lang='lat' dir='ltr'><strong>ille</strong></span> <span class='ocrx_word' id='word_1_315' title='bbox 739 3949 866 4014; x_wconf 85' lang='lat' dir='ltr'><strong>lympicis,</strong></span> <span class='ocrx_word' id='word_1_316' title='bbox 877 3954 921 4020; x_wconf 88' lang='lat' dir='ltr'><strong>qni</strong></span> <span class='ocrx_word' id='word_1_317' title='bbox 931 3961 960 4004; x_wconf 83' lang='lat' dir='ltr'><strong>et</strong></span> <span class='ocrx_word' id='word_1_318' title='bbox 970 3955 1020 4020; x_wconf 82' lang='lat' dir='ltr'><strong>ipsi</strong></span> <span class='ocrx_word' id='word_1_319' title='bbox 1028 3956 1090 4007; x_wconf 88' lang='lat' dir='ltr'><strong>inde</strong></span> <span class='ocrx_word' id='word_1_320' title='bbox 1101 3957 1268 4022; x_wconf 78' lang='lat' dir='ltr'><strong>ducebantur,</strong></span> 
     </span>
     <span class='ocr_line' id='line_1_37' title="bbox 168 4019 880 4092; baseline 0.014 -24"><span class='ocrx_word' id='word_1_321' title='bbox 168 4032 234 4068; x_wconf 76' lang='lat' dir='ltr'><strong>anno</strong></span> <span class='ocrx_word' id='word_1_322' title='bbox 250 4019 341 4071; x_wconf 87' lang='lat' dir='ltr'><strong>Attico</strong></span> <span class='ocrx_word' id='word_1_323' title='bbox 360 4036 437 4084; x_wconf 86' lang='lat' dir='ltr'><strong>novo,</strong></span> <span class='ocrx_word' id='word_1_324' title='bbox 459 4023 502 4087; x_wconf 88' lang='lat' dir='ltr'><strong>qni</strong></span> <span class='ocrx_word' id='word_1_325' title='bbox 522 4038 538 4072; x_wconf 80' lang='lat' dir='ltr'><strong>a</strong></span> <span class='ocrx_word' id='word_1_326' title='bbox 559 4025 699 4088; x_wconf 84' lang='lat' dir='ltr'><strong>novilunio,</strong></span> <span class='ocrx_word' id='word_1_327' title='bbox 739 4028 880 4092; x_wconf 83' lang='lat' dir='ltr'><strong>conspirat.</strong></span> 
     </span>
     <span class='ocr_line' id='line_1_38' title="bbox 168 4095 699 4167; baseline 0.015 -25"><span class='ocrx_word' id='word_1_328' title='bbox 168 4095 237 4159; x_wconf 72' lang='lat' dir='ltr'><strong>quod</strong></span> <span class='ocrx_word' id='word_1_329' title='bbox 248 4111 263 4145; x_wconf 88' lang='lat' dir='ltr'><strong>a</strong></span> <span class='ocrx_word' id='word_1_330' title='bbox 274 4099 385 4153; x_wconf 81' lang='lat' dir='ltr'><strong>solstitio</strong></span> <span class='ocrx_word' id='word_1_331' title='bbox 395 4099 486 4153; x_wconf 64' lang='lat' dir='ltr'><strong>estivo</strong></span> <span class='ocrx_word' id='word_1_332' title='bbox 496 4101 640 4167; x_wconf 79' lang='lat' dir='ltr'><strong>proximum</strong></span> <span class='ocrx_word' id='word_1_333' title='bbox 649 4110 699 4166; x_wconf 82' lang='lat' dir='ltr'><strong>err,</strong></span> 
     </span>
    </p>
   </div>
   <div class='ocr_carea' id='block_1_9' title="bbox 0 0 1336 4686">
    <p class='ocr_par' dir='ltr' id='par_1_9' title="bbox 0 0 1336 4686">
     <span class='ocr_line' id='line_1_39' title="bbox 0 0 1336 4686; baseline 0 0"><span class='ocrx_word' id='word_1_334' title='bbox 0 0 1336 4686; x_wconf 95' lang='lat' dir='ltr'><strong> </strong></span> 
     </span>
    </p>
   </div>
  </div>
 </body>
</html>
