2664 4686
386 328 437 375 nn
459 327 631 377 nnnrnos
655 329 728 378 mn.
752 331 818 378 νιι.
1060 318 1148 386 loos

92 487 124 532 m
138 468 234 532 locus
247 469 336 552 apud
349 468 506 536 Ovidium
527 474 610 540 Met.
629 490 679 552 vr,
704 475 748 539 54
770 494 843 559 sqq.
865 483 1046 543 nostrorum
1066 483 1147 559 tem·

92 589 164 634 rum
180 574 317 635 texturae
332 573 440 654 magis
455 577 628 640 convenire
640 573 789 640 videtur:
812 595 889 659 quoe
900 583 1010 643 tamen
1024 581 1148 664 etipsa

92 678 98 735 t
110 670 290 736 admodum
303 673 433 738 diversa
446 675 481 739 in
494 676 635 741 diverms
649 677 819 760 generibus
830 699 837 744 :
859 697 911 757 ea,
919 700 987 764 qua
1000 680 1148 747 homines

93 790 137 837 eo
157 792 286 855 genere,
309 774 400 859 quod
422 773 584 840 lauretae
606 777 804 861 appellatur,
828 784 973 858 ubrntur,
996 782 1149 865 proxime

92 873 179 939 uedit
197 874 241 937 ad
259 876 478 959 antiquiorum
489 896 634 943 morem:
656 883 695 941 ul
715 883 843 943 taceam
865 899 988 945 morem
1012 882 1148 967 tenendi

92 973 218 1053 riorum,
240 975 451 1043 Islandorum
463 977 668 1062 aliorumque
681 978 850 1044 mdiorum
863 981 1073 1064 populorum,
1088 982 1149 1066 qui

92 1077 223 1161 liquiori
237 1078 369 1142 texendi
389 1080 508 1145 rationi
527 1082 672 1145 maxime
692 1081 886 1166 respondere
898 1083 1037 1149 ridetur.
1081 1082 1149 1148 Ve-

92 1197 121 1243 m
134 1177 189 1242 bic
204 1178 246 1243 do
259 1181 403 1245 textrina
422 1181 512 1265 opud
534 1181 709 1267 Virgilium
725 1184 773 1250 ad
797 1183 1013 1250 Homericum
1033 1204 1147 1251 exem-
1211 1232 1214 1237 -

92 1286 347 1363 umoomparata
361 1285 526 1365 agebatur.
1003 1330 1006 1337 ·

459 1607 737 1635 Q

357 1717 733 1853 excursos
778 1774 834 1851 11.

297 1963 350 2013 nn
365 1948 520 2015 necatio
535 1962 649 2014 nunu
665 1963 716 2015 sn
734 1963 897 2016 ιιιιιιιιι.

92 2126 158 2189 rm,
172 2111 216 2176 29
230 2130 304 2195 sqq.
321 2106 455 2193 ‘Atque
467 2109 523 2177 bie
537 2110 662 2176 AEnoos
675 2111 834 2193 ingentem
842 2129 886 2174 ex
895 2099 1146 2193 aequoreluoum

92 2211 225 2296 ospicit’
239 2218 301 2276 etc.
345 2209 528 2295 Appollunt
545 2211 673 2275 tandem
698 2210 833 2295 Trojeni
857 2209 901 2274 ad
926 2208 1071 2287 Italiam,
1095 2228 1147 2274 se·

92 2314 191 2379 ndum
214 2312 388 2396 Virgilium
415 2314 493 2395 ipsa
514 2311 644 2376 Tiberis
672 2313 758 2374 ostia
779 2311 936 2393 ingressi:
971 2313 1030 2375 ‘ot
1050 2309 1148 2376 laetm

92 2417 147 2481 vio
161 2414 331 2481 succedit&
340 2410 495 2496 (AEneas)
510 2418 639 2494 ‘opaco
648 2410 668 2490 3’
691 2411 734 2476 cf.
749 2411 813 2475 201
829 2415 839 2444 ‘
853 2410 1015 2474 Fluminis
1027 2411 1148 2476 intras·

100 2517 195 2600 ripas
204 2517 224 2597 3’
247 2518 282 2581 it.
297 2516 362 2581 303
382 2520 517 2599 ‘optato
532 2512 715 2600 conduntur
728 2512 886 2596 Tybridis
900 2512 994 2576 alveo
1004 2509 1025 2591 ς’
1050 2529 1149 2595 super

91 2617 169 2682 ibus
193 2619 277 2683 locis
299 2618 417 2681 frustra
444 2618 614 2697 argutatur
640 2608 772 2681 Cluver.
795 2635 830 2698 p.
852 2613 928 2679 880.
949 2613 1035 2694 8813
1057 2613 1149 2679 sacta

92 2737 165 2795 nen,
180 2718 270 2802 quod
284 2717 428 2781 omnium
441 2733 573 2798 quoque
588 2733 750 2780 consensu
762 2715 914 2793 traditur,
936 2713 1148 2779 escensiood

92 2821 202 2886 entole
215 2820 307 2884 littus
321 2819 357 2882 in
370 2816 569 2881 Laurentum
584 2836 673 2899 agro.
718 2806 882 2882 Locorum
902 2816 1042 2883 sormam
1062 2814 1147 2881 Exe.

106 2921 227 2986 animis
241 2919 464 3004 subjiciemus.

92 3021 160 3090 Vix
182 3022 216 3086 in
241 3028 334 3104 grato
359 3020 432 3083 solo
456 3018 683 3094 consederant,
706 3035 782 3081 oum
808 3035 898 3080 nova
918 3017 1070 3100 prodigia
1088 3036 1148 3082 eos

92 3127 254 3206 oeperunt.
298 3121 387 3185 Nam
411 3122 502 3184 bumi
526 3119 731 3196 recubantes,
756 3122 800 3194 et,
823 3122 861 3180 ut
884 3135 906 3180 a
929 3117 1029 3199 longa
1052 3118 1148 3182 navi·

92 3225 172 3311 ione
185 3223 265 3286 sessi
278 3222 385 3286 facere
399 3222 517 3297 solent,
541 3220 618 3285 cibo
642 3222 789 3302 potuque
813 3236 849 3281 se
870 3216 1062 3294 reficientes,
1087 3238 1148 3302 pro

92 3343 158 3389 nsa
170 3342 291 3407 panem
304 3325 425 3406 pomis,
440 3324 561 3406 quibus
575 3327 762 3398 vescuntur,
778 3319 970 3404 subjiciunt,
989 3338 1149 3404 moxque,

92 3444 142 3489 ma
155 3424 245 3489 sacta
258 3424 437 3488 consumtis
451 3429 485 3487 ot
496 3423 560 3502 his,
582 3443 613 3485 se
628 3441 744 3484 mensos
759 3419 917 3485 comedisse
930 3421 1078 3504 adeoque
1091 3440 1150 3486 ve-

92 3545 96 3586 ι
109 3526 316 3602 vaticinium,
331 3543 375 3587 ex
388 3523 615 3586 nonnullorum
625 3522 693 3586 fide¹
708 3522 785 3607 jam,
794 3524 873 3587 olim
888 3543 910 3588 a
927 3523 1056 3609 Sibylla
1067 3521 1150 3609 ury-

92 3644 146 3691 tea
160 3625 285 3700 datum,
309 3623 399 3708 quod
423 3623 509 3687 bunc
533 3642 678 3687 errorum
700 3625 872 3688 terminum
893 3625 1024 3708 figebat,
1048 3623 1150 3689 need

92 3728 214 3791 eriores
228 3727 410 3791 occidentis
425 3744 499 3788 oras
514 3731 694 3809 pergerent,
720 3725 763 3788 ad
785 3731 938 3790 eventum
951 3725 1149 3810 perduxisse

92 3827 166 3907 lent,
190 3833 228 3891 ut
241 3848 262 3891 a
275 3828 377 3912 poeta
400 3828 535 3909 copiose
550 3833 805 3906 narratu13nec
831 3826 866 3890 id
891 3826 962 3890 sine
988 3825 1155 3908 dignitate
1184 3888 1187 3893 ,

92 3927 291 4006 balacium,
314 3935 352 3992 ut
367 3928 440 4011 jam
459 3927 542 3992 abas
566 3926 767 3990 declaratum
784 3931 846 3992 ost.
891 3927 986 3992 Cons.
1002 3924 1147 4009 Excute,
1248 3934 1251 3939 ’

92 4044 118 4094 ιι
146 4030 205 4095 lib.
236 4046 292 4093 ιιι.
337 4029 556 4112 Frequentoto
583 4034 635 4095 est
669 4026 785 4094 fabula
817 4030 973 4105 omnium,
1010 4026 1070 4109 qni
1105 4026 1148 4094 de
