2664 4686
403 360 648 414 au-uumuos
672 361 744 412 nro.
768 364 808 412 ιι.
1069 344 1160 412 non

92 526 98 568 ι
112 501 307 569 Penatibus.
343 504 399 570 Ex
412 505 497 571 locis
509 506 654 571 laudatis
664 507 775 589 colligi
789 524 891 591 posse
901 505 1042 584 videtur,
1050 508 1161 573 omnia

92 606 282 690 undaeque
293 607 429 692 etipsos
438 607 582 674 Penates
595 610 752 675 iuAEneae
766 609 864 673 domo
872 608 998 690 suisse3
1019 626 1160 693 namque
1218 645 1225 669 ι

92 726 160 775 tea
172 708 361 773 efferuntur.
404 708 508 792 Atqui
523 711 588 775 hoc
601 708 710 795 polites
725 705 880 788 oonsilio}
894 714 929 776 et
951 712 1089 774 aliomm
1109 710 1159 776 lo-

92 812 367 888 memiensis,
390 812 520 895 ipsique
543 814 600 890 rei,
626 819 831 897 repugnaret.
876 811 965 877 Nam
987 811 1159 896 oVirgilii

92 911 295 977 &minente
309 916 343 976 et
357 912 507 991 oonsilio,
527 912 646 995 publici
679 910 776 998 Troja
799 910 945 991 Penates,
976 912 1023 977 dii
1046 912 1157 1005 patrii,

92 1028 122 1075 ι
133 1013 254 1077 AEbreae
268 1012 392 1095 privati
414 1032 488 1077 esso
503 1013 654 1093 debuere,
677 1014 734 1098 qui
755 1015 789 1079 in
812 1013 945 1079 Italimn
964 1014 1100 1080 abducti
1113 1015 1158 1080 ad

92 1132 231 1180 mnus
258 1116 391 1179 modom
417 1124 642 1200 pervenerunt.
688 1116 836 1183 nisani
856 1117 942 1196 loca,
977 1117 1157 1200 inquibus

92 1217 183 1281 ulio
199 1214 298 1303 Trojo
315 1214 451 1282 Penates
465 1219 627 1283 dicuritur.
663 1219 721 1284 Sic
737 1236 778 1296 ιι,
800 1219 867 1284 293
888 1224 898 1254 ‘
912 1218 1159 1304 Socraticusque

92 1314 338 1383 immendat
355 1314 449 1402 Trrp'o
468 1316 624 1384 Penates!
639 1337 706 1400 vn,
721 1321 786 1385 121
807 1319 979 1404 ‘Vosque
993 1321 1053 1398 ait,
1067 1319 1156 1384 olidi

92 1414 158 1503 ψ
170 1418 296 1483 salvete
311 1414 446 1482 Penates
455 1417 475 1482 :’
509 1439 543 1484 v.
556 1421 600 1485 62
628 1426 638 1456 ‘
655 1421 807 1488 adhibete
822 1419 958 1485 Penates
976 1420 1020 1487 Et
1036 1420 1157 1505 'patrios

92 1518 174 1597 ulis,
193 1524 230 1584 et
252 1539 339 1603 quos
354 1521 435 1585 colit
455 1521 578 1604 hospes
592 1521 754 1601 Acestes,'
779 1530 813 1589 et
826 1543 860 1588 v.
873 1523 941 1589 632
968 1520 1027 1584 ‘0
1045 1520 1154 1606 patrio

104 1621 194 1705 rupti
217 1623 439 1705 nequicquam
456 1642 500 1686 ex
518 1624 612 1688 hoste
639 1621 793 1688 Pensm:
835 1623 986 1687 Tandem
1012 1638 1068 1701 rx,
1089 1622 1155 1688 258

92 1716 218 1809 incipit
239 1719 430 1787 Ascanius:
472 1722 539 1787 Per
562 1744 698 1811 magnos,
730 1723 828 1803 Nise,
857 1718 994 1786 Penates
1019 1720 1156 1786 Ariona·

92 1840 136 1885 ue
151 1816 269 1886 Larem
284 1828 318 1888 et
330 1842 426 1890 cana)
439 1827 621 1908 penetralia
635 1825 752 1892 Vestae
762 1825 782 1891 :'
806 1842 841 1904 v,
853 1827 931 1891 744.-
955 1844 1016 1907 par
1032 1820 1155 1908 Pergo·

92 1918 276 1986 mLorem
287 1925 425 1989 eosdem
437 1924 581 1991 Penates
593 1927 786 1992 declaravit.
816 1925 904 1993 Etin
917 1926 996 2009 ipso
1009 1924 1154 1990 illoloco
1284 1916 1287 1921 ’

105 2022 175 2090 W
196 2023 326 2110 adytum
343 2023 501 2109 perieuolc
523 2032 805 2106 commemoratur,
828 2027 917 2111 quod
937 2026 982 2090 ad
994 2025 1154 2109 templum

92 2130 197 2192 uetare
212 2127 319 2192 debet.
363 2127 402 2192 Si
425 2128 523 2210 igitur
545 2129 672 2211 publici
697 2127 839 2193 Penates
850 2128 955 2204 luere,
977 2124 1080 2210 poeta
1093 2126 1153 2189 ob-

92 2244 184 2293 rrum
205 2235 240 2293 et
260 2230 422 2294 intactum
445 2230 584 2314 reliquit,
611 2250 671 2294 cur
694 2231 727 2293 in
742 2231 858 2294 AEneae
883 2227 982 2292 domo
1007 2227 1152 2291 Penates

92 2327 177 2401 blici
198 2328 410 2405 habebantur,
434 2334 480 2391 ct
508 2328 676 2410 quomodo
704 2327 750 2390 ad
773 2327 917 2390 AEneam
937 2326 1152 2409 potissimum

92 2428 219 2494 natium
241 2448 322 2494 cura
340 2429 527 2513 spectabat.
573 2427 689 2492 Poetae
705 2428 786 2492 satis
799 2432 879 2503 erat,
906 2426 1066 2491 Hectoris
1079 2446 1150 2491 om-

92 2548 115 2595 n
135 2531 266 2595 monito
288 2531 324 2594 id
345 2531 470 2594 lactum
494 2530 672 2593 declarare.
717 2528 768 2593 Eo
792 2530 881 2606 loco,
904 2548 970 2612 quo
984 2527 1026 2593 de
1040 2528 1151 2592 AEnea

95 2629 636 2716 mopoipoaafferimus(Disquis.
651 2647 692 2707 ιι,
704 2630 748 2694 de
757 2638 817 2694 ret.
830 2631 895 2694 inv.
906 2649 933 2694 s.
944 2646 996 2693 vr.
1008 2628 1149 2694 Excurs.

92 2746 129 2794 ἰι
144 2731 189 2796 ad
203 2731 264 2795 lib.
282 2747 321 2795 ιι.
337 2730 478 2795 Excute.
494 2748 505 2794 ι
522 2730 564 2793 ad
579 2731 637 2795 lib.
654 2748 697 2795 ιιι
713 2738 747 2795 et
760 2728 831 2813 ai),
857 2732 953 2815 plina
975 2730 1056 2794 olim
1073 2748 1150 2796 esse
1255 2754 1267 2788 ·.

92 2838 302 2899 nmemorata
316 2834 501 2917 apparebit,
523 2834 643 2916 quibus
658 2832 760 2915 po‘eta
773 2834 923 2896 insistere
930 2838 1064 2907 et'rem,
1077 2836 1148 2897 tan-

92 2934 322 3015 tmvnlgatam
337 2935 432 3012 satis,
458 2934 557 2997 tacite
577 2935 674 3016 sequi
697 2939 837 3015 poterat.
882 2932 961 3010 Sed,
985 2933 1076 3015 quod
1097 2934 1147 2997 iu·

92 3034 158 3099 uis
174 3034 248 3119 ejus
272 3036 416 3100 animum
442 3035 608 3117 impellere
633 3034 750 3118 potuit,
777 3040 829 3098 est
850 3033 933 3098 sorte
955 3034 1030 3109 hoc,
1057 3035 1146 3118 qood

92 3152 181 3199 neum
196 3136 386 3200 sacerdotio
399 3136 545 3200 sunctum
559 3135 739 3199 tradiderat
754 3135 946 3216 antiquitas.
992 3132 1088 3197 Certe
1101 3153 1146 3197 ex

92 3239 231 3319 alym,
256 3238 299 3303 17
325 3237 497 3314 discimus,
524 3234 684 3320 Apollinis
706 3257 796 3298 sucro
823 3256 890 3298 erim
906 3234 1147 3320 proripueense

92 3341 174 3417 lom;
209 3343 254 3416 et,
280 3338 460 3403 secundum
485 3338 706 3402 Menecratem
740 3337 930 3402 Xanthiam
956 3355 978 3400 a
1005 3335 1146 3420 Dionys,

92 3436 153 3503 ilie.
174 3455 202 3516 ι,
225 3440 269 3504 48
292 3441 485 3519 excitatum,
514 3442 639 3504 AEneas
656 3440 699 3504 ad
724 3439 944 3504 defectionem
965 3457 988 3503 a
1009 3437 1144 3519 Priamo

92 3540 194 3624 eipso
224 3547 296 3607 erat
310 3542 489 3621 adductura,
518 3543 608 3625 quod
627 3540 792 3606 sacerdotii
806 3539 960 3625 dignitate
981 3543 1026 3605 ab
1039 3559 1080 3604 eo
1093 3539 1147 3604 fu·

92 3642 293 3721 inclusus,
315 3640 413 3718 ἄτιτος
435 3640 486 3706 idi
515 3646 566 3705 ὑπὸ
580 3643 777 3728 Ἀλεξάνδρου,
802 3642 850 3703 nal
873 3641 929 3703 alni
952 3639 1057 3727 ysqiuv
1070 3645 1147 3727 lipsii

92 3741 234 3828 ῃᾶμνος.
280 3746 416 3811 Fundus
436 3747 485 3810 rei
512 3746 610 3811 Iliad.
635 3754 674 3821 N,
700 3747 764 3811 461
788 3743 842 3807 αἰεὶ
862 3741 923 3830 γιῖρ
947 3745 1070 3830 Πριάμῳ
1085 3745 1146 3806 ins·

92 3866 116 3907 tr
127 3842 189 3932 bip,
209 3842 306 3910 Oiitx'
326 3843 375 3934 ἄρ’
393 3847 490 3910 ἐσθλὸν
513 3845 593 3908 io'ira
607 3848 670 3926 μετ’
695 3842 899 3934 &adquisiverint
915 3844 1037 3909 elacati.
1083 3843 1145 3908 Ce-

92 3962 143 4010 mn
155 3947 258 4030 vulgo
279 3951 314 4013 in
336 3968 415 4013 arce
428 3948 572 4013 Penates
587 3949 708 4013 servati
728 3954 914 4029 narrantur;
941 3948 987 4012 cl.
1003 3947 1144 4026 Dionys.

92 4044 155 4113 ilie.
171 4064 198 4127 ι,
213 4051 266 4115 46.
280 4052 326 4116 69
338 4056 371 4114 et
386 4050 430 4115 al.
445 4057 478 4114 et
490 4052 552 4115 hoc
567 4069 611 4112 ex
632 4057 794 4134 perpetuo
808 4056 955 4114 veterum
969 4047 1143 4110 civitatum

92 4160 131 4211 aa
148 4148 197 4215 ita
219 4169 258 4215 ss
282 4151 402 4216 habere
428 4152 549 4216 debuit.
595 4150 675 4217 Hoc
701 4159 810 4253 tamen
835 4151 931 4234 sequi
955 4144 1059 4231 pose‘ta
1074 4160 1145 4212 non
1250 4235 1252 4239 ι
1286 4232 1292 4239 .
