2664 4686
413 332 464 378 AD
487 328 659 379 anninus
681 330 753 379 Llss.
777 333 838 380 vlt.
1087 324 1173 391 «1321

64 475 214 554 xitiose3
247 471 456 556 quodetiam
483 475 611 539 monuit
634 495 741 559 nuper
769 478 810 541 cl.
831 476 955 543 Fditor.
1012 480 1175 567 (lopiisu
1208 493 1210 497 ’

65 576 188 645 Turno
206 574 359 639 adductis
382 582 539 641 accenset
560 576 662 659 potu
686 579 784 643 etiam
800 578 976 659 Auruncos,
998 584 1049 646 eis
1071 584 1175 663 Lirim

68 679 203 745 seilicet
215 677 414 754 habitantes,
428 677 578 761 aliosque
592 698 615 743 a
627 679 743 745 'liberi
758 681 834 746 inde
848 681 890 746 ad
902 666 1055 749 Ufentem
1068 706 1176 773 usque

67 779 252 845 incolentes
274 779 439 862 populos:
474 799 559 863 quos
573 786 681 847 tamen
701 802 789 847 nuno
815 785 877 848 sub
899 785 1039 867 imperio
1052 786 1175 857 habere

68 879 180 959 videri
194 880 302 956 debet,
320 879 476 960 quoniam
502 879 622 961 Iatioi,
649 883 771 947 bellum
795 887 987 964 recusantis,
1010 895 1120 971 partes
1141 896 1176 958 et

67 982 188 1047 munia
199 982 274 1064 ipse
287 987 499 1064 susceperat:
523 982 610 1045 conf.
625 982 682 1046 inf.
697 989 771 1048 not·
781 985 825 1048 ad
841 1001 898 1063 x1,
912 987 989 1052 317.
1034 989 1079 1054 Et
1091 991 1176 1057 inter

67 1084 136 1151 hos
155 1081 290 1166 quidem
314 1078 424 1145 Sicani
446 1083 489 1146 ad
506 1084 653 1148 Tiberim
676 1085 826 1149 videntur
850 1106 872 1151 a
892 1087 996 1170 potita
1016 1090 1175 1167 collocari

68 1186 133 1251 lib.
149 1183 281 1261 x1,317
302 1184 338 1246 in
353 1183 475 1248 finibus
489 1183 709 1250 Rutulorum:
744 1206 803 1250 seu
817 1188 906 1269 quod
919 1188 1021 1270 poe'ta
1035 1189 1176 1269 Sicanos

68 1306 134 1372 pro
148 1285 270 1350 Siculis
281 1286 405 1376 posuit.
449 1284 546 1349 Conf.
559 1285 703 1350 Excurs.
718 1303 745 1349 11
758 1286 802 1350 ad
817 1304 899 1364 vui,
914 1288 990 1353 314.
1003 1290 1090 1372 3283
1114 1310 1174 1359 sen

70 1387 164 1473 quod
184 1387 272 1451 alios
294 1392 458 1463 auctores,
478 1387 537 1469 qui
555 1406 641 1450 nunc
653 1387 816 1464 interiere,
832 1393 966 1453 secutus
978 1396 1041 1456 est.
1086 1389 1176 1458 Inter

70 1489 217 1574 populos
239 1507 371 1571 quoque
394 1487 533 1552 latinos
559 1494 720 1552 memorat
744 1486 873 1552 Sicanos
902 1488 1031 1556 Plinius
1061 1510 1116 1570 111,
1142 1494 1175 1560 9.

71 1591 175 1658 Forte
186 1589 278 1654 tuere
292 1609 336 1653 ex
348 1591 533 1671 priscorum
553 1588 748 1653 Sicanorum
769 1591 928 1674 reliquiis,
942 1593 1001 1673 qui
1021 1591 1075 1656 bic
1091 1595 1176 1679 pris·

69 1690 237 1759 cassem
250 1692 459 1755 retinuerant.
516 1686 662 1752 Sucrone
676 1689 755 1752 ecies
775 1711 835 1774 pro
850 1690 1054 1757 Ardeatibus
1075 1693 1177 1762 dicta

69 1792 236 1870 videntur,
250 1791 406 1875 quoniam
426 1809 525 1855 sacra
546 1810 677 1874 magnos
700 1791 810 1855 Deum
835 1792 955 1857 Matris
976 1814 998 1857 a
1018 1793 1176 1861 Sacranis

69 1900 231 1978 suscepta
245 1892 422 1958 habebant.
475 1892 574 1957 Certe
592 1892 656 1956 hoc
673 1888 882 1956 Serranorum
904 1896 1034 1967 nomine
1056 1896 1177 1962 Sacer.

69 1996 186 2063 doum
199 1995 262 2060 suit
280 1995 455 2078 collegium
467 1996 501 2059 in
514 2014 555 2059 ea
574 1995 665 2072 urbe,
689 1996 748 2078 qui
771 1993 893 2068 Matris
914 2015 1042 2079 magnae
1066 1997 1177 2063 Deum

70 2116 171 2163 sacra
184 2102 346 2161 curarent.
399 2094 568 2162 Marmora
588 2097 667 2160 bina
689 2096 724 2158 in
750 2114 824 2159 eam
846 2116 913 2160 rem
932 2099 1004 2181 jam
1027 2098 1177 2162 laudavit

70 2198 282 2263 Burmannus
297 2196 441 2261 eGudio
454 2217 532 2280 pag.
546 2213 617 2273 xx,
640 2197 671 2261 8.
686 2198 719 2260 9.
775 2195 863 2259 Vide
878 2196 992 2260 eadem
1014 2198 1176 2262 illustrata

70 2298 231 2381 aVulpio
242 2297 339 2362 Tem.
356 2316 379 2360 v
394 2304 459 2363 vet.
473 2299 562 2363 Latii
576 2317 655 2381 pag.
668 2298 735 2362 209
746 2315 819 2379 sqq.
866 2295 957 2360 Festi
971 2298 1084 2362 locum
1102 2299 1176 2384 jam

68 2398 247 2489 laudarunt
260 2399 365 2483 intpp.
388 2399 552 2463 ‘Sacrani
567 2399 728 2482 appellati
750 2403 827 2461 sunt
847 2396 955 2461 Reate
975 2400 1049 2477 orti,
1060 2401 1118 2482 qui
1132 2419 1177 2465 ex

69 2501 281 2585 septimontio
296 2500 432 2582 Ligmes
447 2499 645 2581 Siculosque
656 2504 833 2579 exegerunt
845 2519 859 2572 ι,
885 2515 963 2563 nam
984 2519 1059 2564 vere
1078 2520 1175 2567 sacro

70 2603 135 2667 orti
149 2609 242 2667 erant
251 2599 271 2682 ς’
303 2622 347 2664 ex
365 2622 431 2684 quo
444 2601 520 2663 loco
538 2599 700 2663 Serviane
712 2598 832 2663 lacinia
846 2600 949 2681 petita
963 2600 1006 2664 ad
1021 2602 1098 2666 AEn.
1117 2620 1177 2680 xt,

70 2702 183 2769 317f.
238 2701 326 2767 ‘Illi’
347 2702 480 2780 (Siculi)
502 2706 550 2766 ‘a
572 2702 748 2784 Liguribus
770 2701 859 2785 pulsi
884 2707 972 2779 sunt,
996 2701 1136 2783 Ligures
1154 2722 1177 2768 a

71 2804 251 2884 Sacranis3
273 2803 412 2867 Sacrani
424 2804 467 2867 ab
478 2800 737 2886 Aboriginibus?
789 2802 827 2866 Si
838 2806 948 2866 tamen
960 2802 1035 2869 Silii
1049 2822 1177 2869 versum

70 2905 285 2971 recordamur
307 2921 390 2983 vin,
402 2906 468 2970 417
491 2910 712 2987 ‘magnaeque
734 2904 841 2968 Reate
854 2903 1009 2983 dicatum
1032 2903 1177 2970 Coelico-

70 3007 142 3073 lum
169 3005 295 3084 Matri‚’
326 3006 370 3071 ad
392 3026 450 3070 ver
474 3024 604 3069 sacrum
629 3023 671 3066 ne
695 3003 925 3067 recurrendum
950 3005 1084 3085 quidem
1104 3023 1178 3069 esse

71 3108 216 3175 ddetur.
268 3109 423 3174 Servius:
447 3107 597 3170 ‘Dicunt
616 3103 780 3187 quendam
804 3101 1023 3185 Corybantem
1043 3104 1177 3169 venisse
1291 3158 1297 3168 .

72 3210 120 3274 ad
131 3209 275 3289 Italiam,
290 3211 475 3275 attenuisse
489 3209 653 3289 locaquee
665 3225 752 3269 nunc
762 3205 835 3268 urbi
849 3204 961 3269 vicina
973 3211 1066 3269 sunt:
1090 3210 1123 3268 et
1133 3224 1179 3270 ex
1302 3268 1305 3273 .

72 3328 116 3377 eo
140 3313 288 3396 populos
314 3311 472 3377 ducentes
500 3310 657 3391 originem
686 3294 843 3370 Sacranos
867 3325 939 3369 esso
968 3304 1176 3389 appellatos3

72 3432 153 3479 nam
164 3415 287 3479 semoti
298 3419 376 3479 sunt
386 3414 481 3478 matri
495 3412 604 3476 Deum
618 3409 842 3495 Corybantes?
894 3406 978 3471 Sunt
991 3407 1065 3472 boec
1084 3426 1177 3472 eom-

72 3515 380 3579 meeussimiliora:
411 3515 454 3578 ad
473 3532 568 3577 sacra
591 3516 699 3576 tamen
713 3510 855 3598 Cybeles
876 3528 997 3573 nomen
1021 3507 1179 3573 Sacrano-

73 3635 197 3680 rumea
209 3617 286 3701 ipsa
297 3616 449 3681 referunt.
492 3614 637 3697 Propius
657 3612 699 3675 ad
714 3612 849 3677 Festum
869 3616 1086 3694 spectantes,
1099 3632 1175 3695 quea

72 3726 256 3802 sequuntur
269 3720 304 3784 in
317 3718 453 3782 Servio:
476 3714 568 3779 ‘Alii
582 3711 737 3776 Sacranos
752 3711 830 3775 ocios
843 3711 1038 3775 Ardeatium
1050 3712 1176 3791 volunt,

73 3820 132 3903 qui
146 3819 340 3903 aliquando,
356 3840 431 3884 cum
446 3818 635 3903 pestilentia
648 3816 844 3891 laborarent,
860 3832 918 3877 ver
933 3832 1063 3876 sacrum
1077 3830 1179 3876 rove-

73 3918 157 3986 runt·
193 3922 332 3999 (immoz
380 3940 464 4004 quos
492 3920 869 4004 parentes-voverunt),
907 3915 1018 3978 ‘nude
1045 3909 1182 3974 Sacram·

75 4019 160 4085 dicti
173 4022 270 4088 sunt?
320 4022 435 4087 Julius
449 4020 594 4085 Sabinou
609 4018 684 4082 Silii
706 4016 808 4080 rerba
828 4035 869 4080 eo
891 4014 990 4078 trabit
1008 4012 1079 4089 (lib.
1096 4026 1180 4088 vin,

76 4122 158 4201 θῶ)
179 4124 312 4189 ‘Sacra
328 4142 450 4189 manus
463 4121 608 4189 neuun:
659 4116 785 4199 Labici,
808 4136 868 4202 pro
889 4114 1017 4201 oppido
1041 4111 1182 4190 Labioo,

142 4236 233 4304 Μὰ.
242 4244 268 4290 et
281 4240 338 4292 Ver.
350 4240 413 4290 Cloe.
621 4236 689 4303 virg.
1051 4232 1083 4280 12
1099 4228 1117 4278 S
