2692 4974
120 560 217 635 4571,
432 524 440 535 ’
481 570 676 625 asenneus
698 572 871 623 ooorcurr

122 720 154 785 'st
168 717 345 783 recensurus
356 712 478 795 ’Argiuo
490 717 698 795 ourempessre
710 716 833 787 sellem,¹
848 734 888 779 oe
901 714 1030 797 quidem
1042 716 1233 799 eppontrat

123 836 212 896 posse
236 817 310 876 hanc
332 813 468 874 variantis
491 813 625 873 lectionis
650 812 782 892 sylvemr
805 813 942 874 meliores
956 814 1090 876 enimes
1103 808 1234 877 firman·

124 914 223 973 branis
240 911 305 989 jam
330 911 469 971 Heinsius
489 910 647 989 diligenter
669 918 911 988 comparaverat:
933 920 1046 973 cetera
1066 912 1233 974 feremu-

122 1012 212 1071 tiores
225 1018 301 1079 tunt,
318 1009 488 1069 et'varietas
501 1007 571 1067 hinc
586 1006 728 1084 decerpta
751 1005 788 1065 ml
811 1006 915 1084 lapsus
935 1006 999 1069 tere
1012 1008 1198 1072 librariorum
1208 1018 1234 1069 et

121 1122 234 1170 errores
247 1106 381 1165 solennes
396 1105 482 1177 redit,
498 1123 621 1182 quorum
637 1103 804 1165 enotattone
818 1103 974 1182 Virgilium
984 1105 1054 1183 J'sm
1065 1104 1233 1167 sionimisd

123 1211 276 1262 oneratum
299 1201 445 1272 videbam,
477 1220 532 1261 uec
556 1200 687 1260 fructum
709 1208 869 1278 expectare
890 1210 1042 1278 poteram,
1064 1212 1155 1281 quem
1173 1200 1234 1262 istle'

123 1301 276 1377 percipere
289 1298 399 1368 liceret,
422 1298 455 1367 si,
478 1296 609 1374 inprimis
621 1296 652 1355 iu
667 1294 792 1355 lectione
801 1295 866 1371 jam
881 1294 1012 1357 dudum·
1027 1306 1113 1359 recte
1135 1298 1232 1361 cousti-

124 1404 198 1464 tura,
221 1413 275 1454 nec
289 1393 381 1454 dubia
394 1402 445 1453 aut
462 1393 601 1463 obscura,
623 1390 758 1469 vulgares
781 1390 974 1452 librariorum·
995 1392 1233 1457 hallucinatione

125 1490 287 1556 sexcenties
301 1508 503 1568 recoquerem.
542 1490 587 1549 lta
601 1487 707 1566 saepius
722 1485 811 1545 tsedio
824 1504 860 1547 rc
874 1487 1056 1566 poeniterrtia
1069 1489 1234 1553 victumne

124 1586 254 1658 memini,
276 1585 358 1665 quod
382 1585 537 1644 lectionem
557 1581 697 1643 librorum
712 1580 922 1643 Gothanorum
936 1602 1097 1665 apponere
1110 1586 1233 1649 institue*

124 1700 199 1749 rem.
241 1683 298 1743 Per
319 1691 414 1761 totum
436 1681 513 1741 euim
526 1679 686 1758 Virgilium·
704 1678 751 1737 vir
774 1696 865 1739 unum
884 1679 987 1743 locum
1002 1682 1075 1745 uori
1087 1682 1189 1747 melius
1201 1702 1233 1743 ex

124 1775 158 1837 iis
172 1779 373 1839 constitutum.
416 1775 655 1854 Perseqnendum
679 1784 777 1834 tamen
801 1783 863 1835 eret
884 1776 1035 1855 religiose,
1054 1778 1140 1857 quod
1153 1779 1233 1840 semrl

125 1893 301 1953 receperam.
343 1875 461 1953 luspexi
485 1873 586 1950 itaque
610 1870 780 1930 Cortianum
794 1878 974 1947 apparatum
989 1882 1109 1934 tantum
1124 1875 1154 1934 in
1166 1875 1233 1936 locis

126 1971 289 2044 salebrosis,
302 1981 389 2051 atque
402 1972 477 2030 adeo
492 1970 535 2030 sic
548 1970 669 2048 quoque
682 1948 869 2027 humanitatis
876 1978 905 2027 et
916 1968 1023 2046 gratie
1035 1970 1175 2031 meritum
1184 1971 1232 2033 siri

125 2066 359 2129 Prtestautissimi
378 2069 407 2127 in
421 2088 468 2127 me
481 2086 545 2127 esse
559 2083 702 2126 sumnum
717 2062 865 2142 profiteor.
909 2065 957 2125 Do
972 2066 1071 2131 eonii
1084 2078 1193 2129 conatu
1207 2089 1232 2129 s.

125 2161 229 2222 Harles
242 2162 358 2223 Notitia
371 2163 414 2227 lit.
431 2163 517 2222 Rom.
532 2182 563 2242 p.
579 2171 649 2223 ets.

165 2258 347 2323 bibliotheca
369 2259 535 2321 Academica
555 2258 642 2321 Juliae
660 2257 748 2340 apud
772 2256 1024 2321 Helrustsdienses
1051 2260 1115 2323 cluo
1142 2271 1231 2325 serrat

125 2354 237 2433 Virgilii
252 2340 428 2435 exemplaria
443 2355 556 2415 calamo
578 2357 696 2434 scripta,
719 2356 770 2416 sed
795 2365 825 2416 et
848 2357 912 2415 haec
928 2356 1070 2428 recentis,
1097 2376 1155 2418 nec
1174 2360 1232 2421 ullo

124 2461 176 2511 aut
189 2452 287 2511 studio
307 2451 489 2514 librariorum
513 2461 565 2510 eut
577 2451 712 2511 doctrina
726 2452 857 2530 insignia.
900 2451 1032 2529 Liquido
1048 2453 1114 2514 brec
1126 2474 1229 2535 coguo-

123 2564 207 2607 sccre
227 2547 319 2619 licuit,
341 2547 580 2626 quandoquidem
604 2548 633 2607 J.
655 2548 690 2607 C.
711 2546 936 2620 Werusdorlius,
963 2548 1119 2611 Professor
1141 2551 1178 2613 de
1199 2568 1230 2613 et

124 2641 285 2703 Academia
300 2644 439 2721 praeclare
454 2644 583 2714 meritus,
607 2642 735 2721 Principi
747 2643 824 2704 Duci
837 2645 992 2703 Bruusvic.
1008 2665 1027 2704 a
1038 2646 1150 2708 consil.
1165 2649 1230 2721 aul,

125 2738 275 2817 utriusque
290 2739 401 2799 codicis
424 2750 592 2799 accuratam
606 2739 739 2799 notitiam
755 2760 823 2803 cum
838 2740 1000 2818 specimine
1015 2743 1229 2819 perhumaniter

122 2852 158 2897 tte
174 2835 313 2895 benevole
328 2833 365 2895 ad
381 2855 427 2894 me
441 2836 527 2895 misit.
571 2836 656 2895 Alter
669 2837 840 2897 chartaceus
863 2845 918 2908 est,
938 2837 1065 2915 pulchre
1086 2850 1227 2913 exaratus,

123 2929 173 2989 sed
198 2950 300 3009 parum
326 2930 425 3002 docte,
448 2931 597 3000 Bucolica,
631 2932 791 3010 Georgica,
813 2942 843 2991 et
869 2931 1021 2992 AEneidem
1047 2938 1227 3014 complexus,

122 3023 265 3100 subjectis
279 3026 355 3085 iuter
368 3028 478 3103 Georg.
504 3034 534 3085 et
547 3028 611 3084 AEu.
630 3028 713 3087 variis
726 3027 912 3106 poematibus
926 3031 1092 3104 minoribus
1106 3043 1139 3093 et
1151 3043 1227 3094 cate·

121 3117 222 3179 lectis:
243 3119 281 3179 ad
297 3121 362 3180 haec
376 3121 475 3200 itaque
490 3123 643 3184 lectionem
657 3144 694 3183 ex
712 3132 890 3185 cunctatam
903 3125 1015 3187 videas.
1058 3129 1122 3190 Sub
1137 3133 1227 3191 Geor·

121 3215 253 3295 gieorum
268 3216 355 3277 linem
369 3219 582 3283 subnotatum:
607 3222 693 3281 <laus
718 3221 776 3280 deo
799 3222 936 3281 henricus
961 3223 1051 3301 llopf
1073 3228 1173 3287 1454!
1198 3236 1226 3289 el

120 3311 159 3371 ad
175 3314 286 3373 calcem
300 3314 447 3374 AEueidis:
471 3317 518 3375 ‘h.
535 3318 563 3376 h.
589 3317 637 3377 ich
651 3327 725 3379 wart
738 3318 791 3378 der
805 3319 870 3378 Zeit
888 3327 967 3378 1454
980 3323 999 3377 τ’
1018 3321 1058 3381 ad
1074 3321 1164 3385 finem
1177 3344 1225 3385 au·

121 3416 179 3467 tem
194 3410 413 3473 Cataleetorum
431 3420 516 3473 1450.
539 3413 622 3472 Alter
636 3415 875 3476 membranaceus
886 3424 932 3474 est
942 3415 971 3474 in
982 3415 1077 3476 forma
1091 3421 1224 3499 oblongn

119 3504 270 3567 haidem
287 3516 398 3569 tautum
415 3509 577 3579 continens,
599 3509 693 3587 spatio
707 3511 782 3569 iuter
796 3510 887 3569 lineas
901 3519 933 3570 et
948 3510 1079 3590 margine
1098 3516 1223 3587 scholiis,

119 3599 171 3657 sed
188 3600 353 3678 vulgaribus
377 3601 537 3679 etjejuuis,
559 3615 717 3682 occupato.
759 3607 949 3666 Membranas
965 3607 1061 3669 multo
1076 3630 1132 3671 usu
1146 3613 1224 3674 attri-

118 3702 163 3752 tas
176 3713 239 3752 esse
253 3706 283 3753 ct
303 3696 433 3755 sordidas
456 3699 594 3758 narrabat
617 3699 868 3771 indoctissimus,
889 3702 930 3762 ita
944 3714 978 3763 ut
992 3704 1082 3765 etiam
1097 3710 1222 3788 suspica·

117 3797 207 3861 retur,
227 3790 289 3851 ludi
312 3792 442 3870 magistri
464 3795 591 3872 alicujus
607 3796 706 3859 usibus
730 3798 760 3856 id
774 3800 922 3878 exemplar
937 3801 1113 3867 inserviisse.
1148 3806 1220 3869 Pra-

117 3885 206 3947 missa
220 3896 263 3946 est
278 3888 512 3969 Pseudopindari
524 3894 660 3954 Thebani
675 3895 810 3973 Epitome
825 3897 959 3958 Homeri.

28 4060 33 4066 Ι
157 3986 478 4048 xx1.Perveuereab
501 3987 550 4048 illo
571 3989 640 4048 inde
664 4003 807 4070 ternpore,
830 3992 911 4071 quod
933 3993 963 4058 in
987 3995 1085 4073 prima
1097 3998 1220 4060 editione

114 4078 243 4159 parendo
257 4101 481 4155 consumseram,
502 4085 540 4147 ad
566 4104 612 4145 me
632 4090 838 4150 nonnullorum
851 4089 991 4150 codicum
1007 4093 1130 4166 notitias,
1151 4095 1220 4156 viro

114 4192 181 4235 rum
195 4175 351 4239 doctorum
364 4199 410 4239 res
422 4191 534 4240 nostras
544 4181 669 4259 juvandi
683 4182 791 4245 studio.
814 4185 880 4244 Fuit
893 4184 924 4244 in
945 4186 991 4246 his
1005 4188 1105 4249 codex
1120 4190 1219 4250 biblio·

114 4269 211 4331 thecue
224 4272 427 4336 Fridaricianar
440 4278 520 4355 apud
535 4279 726 4359 Etleugeuses
740 4282 921 4354 chartaceus,
945 4283 1021 4344 alius
1041 4275 1218 4347 membrum·

114 4383 185 4437 psus
197 4370 356 4437 academias
370 4373 541 4448 Giesseusis,
563 4374 615 4454 qui
639 4376 710 4437 olim
731 4377 806 4441 inter
830 4375 1085 4443 uttenbucnianos
1107 4381 1161 4451 tuit
1178 4390 1218 4462 (t.
