2664 4686
398 314 455 399 All
475 310 645 363 fitttttbos
667 309 739 365 mit·
762 315 802 362 tl.
1058 298 1149 369 m

92 472 303 539 nomme
318 454 558 543 Neoptolunu3
580 455 758 535 Axiouem,
780 457 910 521 Prinmi
927 457 963 535 s,
978 458 1021 522 ub
1035 457 1143 545 Eury-

92 576 130 635 o,
151 555 341 641 Agenorem
354 578 376 623 a
390 556 624 644 Neoptolemo.
669 558 815 636 Quodsi
839 558 926 622 idem
953 557 1146 625 Peumuius

92 656 339 745 &iliadem
359 678 498 745 porrum
521 679 670 725 seorsum
691 664 863 737 menorot,
884 664 921 723 ut
941 679 972 724 e.
987 660 1031 725 be
1044 680 1143 743 pr.p,

92 760 119 841 Ι,
142 758 329 849 quemn
351 762 443 827 buno·
465 766 595 845 purtem
624 760 780 827 carminis
807 778 829 823 e
850 759 977 843 reliquo
1006 780 1144 847 corpore

92 862 290 941 Μαίη
302 870 459 949 upperet.

92 960 188 1047 Apud
202 960 325 1029 ureb.
341 963 538 1048 Hieronymi
566 979 704 1027 uoeurv
727 962 867 1029 Aretino
889 962 1034 1041 Milesio,
1058 981 1146 1046 pror·

104 1059 303 1149 Bidiopidr,
327 1065 371 1129 de
384 1084 499 1149 quur.
515 1062 657 1128 Excurs.
682 1080 755 1127 xix
779 1064 822 1130 ed
845 1082 871 1144 1,
891 1066 968 1142 493,
992 1064 1146 1130 tribuitur

92 1184 150 1227 rra
163 1166 299 1231 nuntie
311 1166 415 1251 (Ἰλίου
433 1163 557 1251 κέρως).
602 1164 687 1231 Cum
700 1185 798 1230 uerno
811 1168 900 1231 nlius
912 1166 1012 1251 hujus
1025 1166 1145 1231 curmi-

92 1269 306 1346 -memiuerit,
331 1269 520 1354 interpolati
546 1267 742 1353 Hieronymi
764 1269 850 1333 levis
870 1270 1051 1334 auctoritas
1072 1285 1147 1337 esse

92 1370 171 1434 rrtt:
192 1388 271 1434 uum
282 1372 355 1435 sivo
367 1391 413 1436 ex
425 1373 583 1454 margine,
603 1391 669 1454 quo
684 1369 761 1453 quis
775 1371 892 1434 similis
906 1369 1062 1433 carminis
1076 1373 1147 1432 eret
1238 1374 1241 1379 ’
1253 1372 1261 1387 ‘

92 1469 244 1547 ordutns,
271 1472 344 1536 sive
369 1491 416 1536 ex
442 1472 702 1556 interpretatione
729 1471 942 1553 AEthiopidis,
971 1470 1145 1554 irrepsisse

92 1568 147 1635 tert
168 1576 291 1655 potest.
335 1568 512 1637 lhimvero
534 1591 663 1637 omnem
681 1572 917 1636 dubitationem
931 1570 1017 1637 tollit
1031 1570 1146 1635 Procli

92 1678 258 1752 gmentum
280 1691 300 1736 e
323 1672 522 1741 bibliothece
544 1672 756 1751 Seoriulensi,
781 1673 817 1735 in
840 1690 909 1754 quo
923 1678 1154 1753 argumentum

92 1768 125 1833 'ru
137 1770 267 1860 rigente
278 1769 308 1852 β’
319 1771 463 1859 'Apurios
473 1774 614 1839 breviter
624 1774 811 1857 exponitur.
834 1772 1056 1858 Complexum
1064 1773 1147 1838 illud

92 1873 218 1939 tlibris
242 1893 271 1938 11
295 1876 480 1940 novissime
500 1875 626 1960 Trojae,
653 1875 730 1941 inde
754 1876 799 1939 nb
823 1895 911 1959 equo
935 1875 1079 1961 'l'rojuuo
1103 1876 1148 1939 sb

92 1974 182 2039 bivis
202 1976 329 2053 relicto,
353 1984 387 2041 et
403 1977 550 2042 substitit
569 1978 632 2042 sub
647 1977 785 2042 reditum
799 1976 1013 2043 Achivorum.
1058 1974 1148 2041 Con·

92 2077 173 2141 rimrt
184 2078 343 2161 pleraque
358 2096 433 2144 eum
447 2077 632 2160 Virgilium
645 2080 828 2144 narratione
840 2101 849 2160 ;
871 2081 920 2144 itu
941 2085 979 2145 ut
1002 2084 1147 2143 statuere

92 2182 152 2255 snt,
165 2196 241 2242 eum
254 2178 298 2242 sd
319 2177 446 2244 Arotim
460 2174 546 2257 'Itius
566 2175 686 2264 riperta
709 2180 854 2245 maxime
876 2198 951 2243 esse
972 2179 1146 2242 adumbra-

92 2297 122 2341 n.
169 2278 225 2341 Ex
236 2281 389 2343 suetiam
403 2280 473 2359 illu,
498 2300 575 2362 qum
588 2300 632 2345 ex
647 2277 787 2343 Arctirm
800 2279 942 2361 Dionys.
958 2278 1073 2342 Hulic.
1088 2277 1148 2343 lib.

92 2394 115 2440 ε.
130 2376 187 2441 68.
201 2376 256 2454 69,
279 2378 321 2442 de
347 2379 499 2445 Palladio
523 2384 705 2455 sanentur,
731 2378 768 2443 iu
789 2378 853 2443 boo
874 2379 1018 2443 eurmine
1037 2378 1150 2443 locum

92 2497 138 2543 un
153 2479 235 2543 bene
248 2478 371 2545 bebere
392 2486 539 2563 potuere.
584 2480 757 2545 Suboritur
779 2479 861 2543 inter
885 2479 960 2544 hoec
986 2482 1149 2564 suspicio,

92 2596 106 2641 r
130 2579 233 2645 ulium
255 2578 339 2645 sorte
360 2579 467 2644 fuisse
487 2577 574 2642 'utos
599 2578 696 2668 ripert
720 2579 901 2645 Peuseuiae
925 2582 988 2646 sub
1012 2581 1148 2646 Iesebei

92 2680 172 2745 nine
196 2681 375 2759 laudatum,
400 2700 502 2765 quem
524 2683 611 2747 hunc
631 2683 740 2765 ipsam
764 2678 895 2747 Arctini
916 2684 1046 2747 nomine
1059 2684 1150 2766 apud

92 2781 202 2846 uelum
215 2782 428 2866 inscriptumt
450 2802 529 2847 nam
543 2783 751 2847 continuatur
764 2783 797 2846 in
811 2802 851 2846 en
868 2783 1015 2847 uenatio
1030 2781 1149 2847 Iliadis

92 2901 157 2947 πω
170 2882 340 2967 usquead
355 2882 442 2969 Equi
455 2884 491 2947 in
515 2885 629 2947 urbem
650 2883 879 2949 deductionem
903 2884 1095 2967 perductee3
1117 2895 1154 2952 et

92 2980 343 3053 l'sbulalliace
356 2987 460 3051 solius
475 2985 613 3051 Ierobei
633 3006 752 3050 nomen
774 2990 825 3049 est
845 2986 1048 3067 oppositum,
1073 3008 1151 3053 cum

92 3102 154 3149 nen
165 3086 254 3148 Ἰλίου
268 3082 367 3171 ripen
378 3106 543 3173 expresse
555 3106 629 3153 esse
643 3087 806 3153 videatur.

92 3185 242 3266 iucudaei
261 3208 340 3266 non,
359 3197 398 3255 ut
411 3190 511 3273 vulgo
523 3188 653 3273 legitur,
669 3186 779 3266 Acuti,
795 3189 925 3272 Argivi,
948 3185 1034 3251 'tritu
1055 3185 1151 3274 ripen

97 3286 266 3354 Athenaeo
283 3306 372 3370 xru,
386 3310 422 3376 p.
436 3290 503 3357 610
518 3308 550 3355 o.
566 3289 627 3379 (cs.
644 3288 814 3355 tinmsae.
834 3291 878 3356 ud
900 3290 1101 3375 Harpocrut.
1116 3292 1157 3355 in·

93 3386 187 3473 ruris)
210 3390 386 3461 leudunmt
401 3394 473 3477 jnm
496 3392 566 3471 ulii,
592 3393 692 3456 etiam
713 3390 856 3458 Ursinus
876 3393 920 3458 sd
934 3392 1053 3477 virgil.
1069 3391 1151 3457 Cur·

92 3510 117 3557 n
131 3492 216 3559 illud
230 3492 372 3581 lyricum
383 3494 488 3561 luisse
503 3494 625 3577 credo:
647 3513 725 3557 uum
738 3493 802 3558 luit
815 3494 870 3558 ille
882 3494 1040 3561 musicus.
1078 3494 1152 3558 Pri-

92 3596 159 3659 ori
173 3595 286 3659 wirzb
300 3592 418 3677 αὔλημα
432 3595 539 3673 riter·
554 3596 714 3678 Delphis:
739 3594 842 3659 Pous.
859 3613 900 3673 11,
911 3596 966 3674 22,
981 3596 1070 3679 quod
1082 3597 1152 3661 lise·

92 3696 248 3779 nprimis
262 3698 372 3763 stetim
387 3698 519 3782 Pythiis
535 3696 590 3761 01.
608 3712 744 3774 xnvrrr,
770 3696 793 3761 3
814 3703 848 3761 ct
864 3698 976 3762 niteris
995 3696 1049 3762 01.
1067 3714 1101 3774 u,
1116 3699 1151 3762 3.

102 3794 211 3861 rsus.
227 3812 269 3875 u,
282 3800 317 3876 7,
331 3818 367 3883 p.
381 3798 458 3863 814.
503 3797 621 3863 statua
634 3796 708 3881 ejus
719 3798 902 3879 ingentibus
911 3818 987 3863 cum
999 3800 1092 3863 tibiis
1115 3799 1152 3873 in

92 3894 211 3967 hone
223 3900 353 3965 subu:
377 3898 479 3967 Paus.
497 3915 553 3976 us,
569 3899 624 3974 30,
640 3919 674 3981 p.
689 3898 766 3963 768.
810 3897 990 3963 Excidium
1011 3896 1068 3961 Ilii
1087 3914 1153 3961 non

92 4018 153 4065 um
162 4002 330 4085 persecuti
338 4000 500 4079 uidentur,
512 4002 573 4084 qui
587 4003 626 4061 τὰ
644 4002 757 4088 Τρωϊκὰ
770 3999 959 4067 condidisse
970 4002 1153 4077 narrentur,

92 4118 126 4165 er
150 4119 239 4187 quos
262 4100 420 4185 Syagros,
443 4103 502 4167 vix
524 4102 650 4167 dixeris
673 4122 740 4185 que
764 4102 842 4179 fide,
866 4100 1012 4165 omnium
1025 4096 1154 4183 primus

92 4218 114 4263 n
126 4208 199 4268 nuto
215 4202 637 4288 Homerumargumentum
652 4202 718 4268 hoe
732 4206 892 4269 tractasse
903 4198 1076 4282 ferebatur,
1086 4220 1152 4270 sec.
