2664 4686
456 331 507 380 an
529 320 700 380 nnnrnes
724 328 797 379 mn.
821 331 893 380 xrr.
1018 346 1024 355 ·
1136 313 1224 381 taut

112 466 223 539 'uranu
236 478 391 552 mamare,
403 479 461 539 aut
474 475 845 552 ornamentisonerare,
860 480 919 540 eut
933 492 1142 560 quacumque
1156 476 1223 541 alla

113 575 177 639 via
206 576 350 640 oblinere
376 578 436 642 illa
463 585 496 644 et
523 579 709 642 obscurare.
753 578 809 642 Ad
842 579 953 662 politae
981 579 1093 662 itaque
1119 584 1223 644 artem

110 683 250 760 spectat
272 678 336 743 hoc
357 682 411 745 vel
438 683 593 756 maxime,
617 688 665 757 ut,
692 703 769 763 quae
793 686 979 745 narrantem
1002 700 1038 744 se
1063 687 1222 764 premant,

112 796 165 847 ux
190 789 341 867 aspectu,
366 802 477 860 sensu,
497 787 530 846 ct
552 782 713 846 memoria
735 784 911 865 legentium
932 791 1111 862 removeat,
1127 784 1224 848 serlu-

112 883 221 968 lnqne
234 891 337 962 curet,
357 904 398 947 ne
420 884 466 960 id,
481 884 572 966 quod
588 886 769 965 argumenti
784 887 817 949 in
832 886 995 949 nonnullis
1015 885 1098 949 forte
1120 887 1225 951 vacil-

113 986 219 1051 lantis
243 994 359 1051 nutura
386 992 420 1051 et
445 989 541 1064 ratio,
566 992 624 1051 aut
651 993 833 1070 temporum
860 1007 1031 1071 rerumque
1057 989 1225 1068 memoria,

102 1089 262 1173 ipsaque
274 1089 482 1152 historiarum
496 1089 630 1165 veritas,
645 1107 760 1171 parum
782 1089 950 1152 commodi
964 1088 1076 1167 habet,
1089 1107 1225 1154 sensum

114 1191 263 1273 legentis
275 1196 415 1274 repente
427 1188 525 1254 feriat
546 1195 579 1253 et
600 1191 801 1273 voluptatem
822 1191 1095 1274 interpellatque
1108 1190 1226 1255 delini·

115 1298 178 1359 tus
189 1293 272 1357 nihil
286 1299 392 1370 currat,
414 1293 495 1356 nihil
517 1294 561 1357 ad
584 1312 620 1357 se
641 1295 802 1377 pertinere
823 1299 931 1376 putat,
946 1292 1034 1378 qued
1048 1297 1144 1358 exue
1155 1312 1226 1357 rem

114 1400 319 1481 praesentem
334 1397 479 1479 positum
493 1401 555 1460 est.
589 1394 703 1460 Facile
718 1396 753 1459 id
767 1396 870 1479 polita
884 1401 1101 1480 consequetur
1115 1394 1226 1471 abeo,

116 1497 183 1581 qui
196 1497 344 1580 ipserum
364 1514 471 1560 rerum
490 1496 777 1580 phantasmatibus
798 1517 989 1580 percussum
1008 1499 1155 1561 animunn
1167 1496 1228 1560 lra-

115 1599 198 1680 bet3
220 1598 387 1664 difficilius
408 1600 452 1664 ab
473 1600 545 1677 illo,
565 1601 699 1682 quiunt
720 1605 837 1664 natura
858 1600 968 1664 minus
989 1617 1099 1663 acrem
1118 1616 1226 1662 rernm

116 1719 268 1778 sensum
283 1707 342 1766 aut
356 1707 467 1779 estate,
481 1702 582 1778 curis,
604 1721 713 1766 rerum
736 1721 799 1765 usu
821 1702 1001 1765 exercitum
1024 1697 1227 1764 animrnnad

114 1801 254 1887 postam
267 1801 560 1886 legentiumffcrh
571 1801 734 1885 admrque,
748 1801 829 1867 dum
840 1804 1027 1867 remissiore
1040 1805 1090 1865 est
1103 1802 1226 1878 annno,

115 1904 166 1970 nd
191 1902 482 1970 animadvertenda
510 1922 563 1981 ea,
589 1924 666 1987 quar
695 1903 841 1967 sedatius
864 1902 1029 1986 judicium
1056 1920 1229 1986 suggerere

113 2012 241 2091 potem,
254 2007 363 2090 magis
374 2011 426 2070 est
438 2005 655 2088 compositus.

120 2142 123 2147 ·
164 2108 220 2174 Ex
241 2109 293 2174 liis
306 2107 414 2173 adhue
429 2107 551 2173 dictis¹
575 2106 713 2188 intelligi
734 2107 885 2184 arbitror,
899 2107 949 2170 uti
970 2125 1087 2170 sensus
1109 2095 1228 2192 cuique

118 2226 205 2277 suus
217 2211 252 2274 in
265 2210 320 2275 his
332 2206 564 2293 relinquendus
585 2213 646 2284 est,
668 2208 717 2270 ita
737 2208 771 2269 in
789 2207 1073 2290 reprehensionem
1095 2207 1229 2290 politam

116 2333 200 2379 vere
221 2314 257 2377 in
275 2313 329 2376 his
354 2317 480 2376 tantum
504 2311 679 2385 incurrere,
698 2328 774 2391 qnae
796 2327 915 2392 parum
936 2309 1051 2373 sedulo
1075 2311 1166 2375 cavit
1188 2330 1229 2375 ne

105 2406 386 2500 ¹prinio'legentis
399 2413 530 2478 obtutui
552 2412 663 2475 statim
686 2416 903 2474 occurrerent.
946 2410 1069 2477 Contra
1082 2430 1136 2491 ea,
1151 2432 1228 2497 quae

118 2516 293 2582 mutnus
314 2515 443 2600 judicio
468 2520 502 2579 et
525 2514 726 2596 cogitatione
748 2512 921 2577 intentiore
944 2513 1073 2592 elicias,
1094 2516 1129 2578 iu
1154 2533 1230 2580 cen·

118 2636 232 2684 surum
253 2619 365 2682 venire
384 2636 451 2680 non
475 2623 626 2700 possunt,
640 2617 707 2680 nisi
727 2622 833 2680 toturn
854 2615 917 2680 hoe
938 2634 1043 2698 genus
1053 2617 1230 2702 ipsamque

122 2716 264 2784 iliadem
292 2726 327 2785 et
353 2719 541 2805 odysseam
566 2736 646 2783 eum
672 2717 814 2781 AEneide
839 2717 1006 2782 sublatam
1035 2736 1109 2783 csse
1135 2720 1231 2784 velis.

123 2819 239 2900 Quem
258 2822 361 2888 multa
374 2824 460 2885 enim
475 2827 562 2897 sunt,
577 2840 654 2903 quae
669 2820 860 2903 scrupulum
873 2819 1009 2900 saciant,
1024 2822 1054 2885 si
1068 2820 1112 2885 de
1126 2821 1232 2887 Pene-

120 2923 223 3008 lopes
236 2929 335 2987 astuta
346 2924 408 2986 snb
421 2920 554 3006 Ulyssis
569 2919 705 2984 reditum
719 2927 779 2985 aut
792 2921 834 2983 de
848 2919 1050 2984 Telemacho
1064 2921 1231 2987 curiosius

122 3038 260 3108 qnam
273 3026 289 3089 l
313 3024 423 3089 Multo
437 3025 545 3088 minus
558 3020 685 3085 ferendi
699 3026 785 3098 sunt,
798 3022 857 3103 qui
869 3020 959 3082 nullo
969 3020 1118 3102 politices
1131 3040 1234 3087 sensu

122 3125 245 3192 tnhuti
259 3125 302 3189 etl
317 3125 512 3191 dialecticas
536 3124 679 3187 rationes
701 3128 758 3186 aut
779 3121 821 3185 ad
842 3121 1010 3185 historicae
1029 3121 1162 3186 critices
1177 3142 1233 3187 ca-

122 3242 230 3292 nones
243 3228 374 3329 epicam
390 3225 509 3310 poesin
522 3227 667 3307 exigunt,
683 3231 741 3289 aut
761 3223 984 3306 grammaticis
1003 3223 1153 3288 minutiis
1171 3224 1233 3288 irn-

123 3328 230 3414 pedlti
253 3329 495 3393 calumniantur
515 3327 646 3411 poetas,
668 3328 725 3410 qui
744 3332 852 3390 tamen
871 3344 937 3390 non
962 3326 1025 3389 nisi
1048 3344 1090 3389 eo
1113 3324 1234 3408 ingenii

125 3435 293 3506 contactu,
303 3448 411 3514 eoque
424 3442 534 3507 seusu,
551 3448 617 3514 quo
631 3429 697 3514 ipsi
712 3430 885 3513 scripsere,
907 3427 1034 3510 legendi
1048 3433 1134 3492 sunt.
1176 3427 1233 3491 Ἐκ

125 3550 170 3595 es
191 3550 308 3613 genere
330 3532 422 3597 suere
445 3530 533 3597 zoili
556 3538 668 3614 totque
691 3531 996 3612 Homeromastigas
1021 3540 1055 3594 et
1076 3527 1235 3612 Virgilio·

126 3634 309 3716 mutiges3
330 3635 366 3696 ln
384 3633 448 3698 hoc
462 3648 605 3696 numero
619 3648 728 3714 nuper
751 3631 930 3695 Britannus
949 3630 1085 3714 uliquis,
1098 3632 1156 3714 qui
1170 3631 1235 3695 sibi

126 3732 227 3799 valde
262 3735 381 3800 ductus
408 3735 582 3801 videbatur
609 3736 638 3818 (⁴
656 3732 801 3821 Heron'g
835 3732 948 3797 letters
977 3733 1018 3797 el
1050 3730 1236 3798 literature!

128 3832 219 3902 lert.
232 3836 301 3916 ΩΒ).
341 3834 389 3902 *ln
402 3834 605 3901 manantes
625 3832 700 3918 jun
720 3834 804 3898 tuter
817 3831 954 3919 petitum
968 3838 1002 3899 et
1014 3837 1237 3918 spectatorem

610 4077 615 4088 .
628 4032 742 4093 som.

319 4170 327 4195 ¹
347 4166 450 4216 Ducem
459 4178 553 4232 sequor
564 4167 591 4217 ln
601 4167 641 4217 lrls
652 4165 708 4217 fers
720 4162 890 4217 munau
901 4160 1065 4225 numum·
1150 4188 1162 4199 ·
1200 4142 1234 4181 '⁵
