2692 4974
449 330 499 380 ιιι
520 326 693 381 musicos
717 330 791 381 urs.
815 334 897 381 vnr.
932 368 937 378 1
1140 318 1229 385 4338

117 475 262 540 rentium
289 472 402 555 sugam
431 472 540 537 lacere
568 473 754 556 coegerunt.
811 475 848 539 ls
870 480 990 559 postea
1012 494 1074 559 per
1099 478 1227 560 legatos

117 575 305 640 amicitiam
319 575 573 658 societatemque
589 576 777 640 Latinorum
796 577 993 659 impetravit.
1039 576 1093 642 lta
1105 578 1226 646 Victor

120 676 164 742 Ο.
184 676 230 741 G.
252 675 298 740 R.
319 675 364 740 15
383 681 417 740 et
440 677 564 740 similia
587 677 676 760 apud
701 679 844 763 Dionys.
867 696 892 753 1,
914 679 969 742 tii.
1014 677 1123 743 Etiam
1147 680 1227 746 Plu·

117 778 225 844 tamb.
241 776 309 857 Qu.
325 778 425 842 Rom.
440 799 474 861 p.
489 779 555 843 275
578 797 614 842 ιι.
636 779 688 842 ed.
713 778 768 842 Fr.
790 780 838 843 rei
861 785 1018 862 tanquam
1037 780 1138 862 vulgo
1152 802 1227 849 nar·

118 886 201 945 ratae
216 880 377 956 meminit,
393 879 451 942 sed
467 880 517 942 sic
539 885 575 942 ut
596 877 640 943 ad
662 879 804 943 AEneam
824 880 1097 962 transeuntque
1113 882 1171 946 alii
1185 883 1227 948 de

118 978 268 1044 Ascanio
281 986 463 1044 narrarunt.
509 975 642 1044 Rustica
662 980 784 1044 vinalia
808 1001 829 1044 a
845 981 1006 1046 Romanis
1019 983 1054 1045 in
1069 983 1167 1065 hujus
1180 986 1228 1051 rei

118 1081 312 1145 memoriam
333 1081 410 1165 (xrr
433 1080 513 1146 Kal.
536 1080 635 1159 Maii)
654 1082 759 1147 fuisse
781 1084 929 1152 instituta
951 1074 1072 1148 Festus
1086 1086 1245 1165 notarit,¹

119 1178 219 1245 Anna
233 1179 337 1246 Fabri
347 1182 390 1245 ad
405 1203 435 1246 e.
446 1183 470 1247 l.
485 1183 690 1248 observante.
734 1182 821 1261 Quae
836 1203 889 1247 res
904 1183 1021 1247 saltem
1034 1182 1099 1248 hoc
1114 1183 1224 1265 docet,

119 1283 293 1368 antiquam
320 1284 404 1347 satis
432 1288 510 1347 eta
532 1284 711 1367 majoribus
733 1290 907 1367 acceptam
932 1271 1010 1367 ejus
1030 1285 1078 1348 rei
1102 1284 1226 1350 famam

120 1383 211 1468 apud
225 1382 404 1455 Romanos,
414 1383 541 1464 fuisse3
563 1385 703 1448 veritate
717 1386 806 1448 enim
820 1390 853 1448 et
865 1384 1094 1449 historiae'lide
1112 1385 1228 1469 hujus·

119 1483 211 1549 modi
229 1485 434 1549 narrationes
448 1504 515 1548 non
528 1485 680 1549 nituntur.
724 1485 833 1549 Etiam
852 1486 894 1549 de
917 1485 991 1569 ejus
1010 1486 1085 1550 festi
1106 1487 1228 1570 origine

120 1586 216 1650 varia
238 1584 303 1650 fuit
327 1586 409 1649 inter
436 1585 607 1649 Romanos
631 1590 798 1651 narratio:
824 1608 858 1654 v.
881 1587 979 1651 Varr.
994 1586 1036 1650 de
1061 1586 1101 1651 L.
1126 1585 1166 1650 L.
1192 1603 1228 1663 v,

119 1686 221 1769 pl&
235 1686 291 1750 ed.
313 1686 434 1751 Dordr.
454 1692 486 1749 et
508 1689 618 1769 ipsum
641 1686 777 1753 Festum
796 1709 827 1753 e.
842 1690 865 1754 l.
911 1689 1095 1755 Exomavit
1116 1708 1229 1754 narra·

119 1787 243 1852 tionem
272 1806 334 1851 suo
361 1807 451 1851 more
479 1786 622 1852 Ovidius
650 1789 743 1855 Fast.
774 1807 826 1868 ιν,
854 1792 919 1873 877
932 1811 1020 1874 sqq,
1049 1796 1086 1855 ut
1117 1796 1228 1855 tamen

119 1876 305 1953 Varronem
318 1888 531 1972 potissimum
545 1894 620 1953 ante
633 1892 750 1955 oculos
760 1891 918 1956 babuisse
932 1893 1095 1957 videatur.
1215 1909 1218 1913 ’

163 1987 284 2067 Quaeri
311 2010 396 2054 nuuc
420 1997 543 2073 potest,
568 1992 649 2075 quid
673 1992 853 2074 Virgilium
875 1993 1062 2070 adduxerit,
1090 1998 1126 2056 ut
1154 1990 1229 2057 Me·

120 2090 232 2156 tentio
246 2096 315 2156 tam
330 2096 477 2156 atrocem
497 2112 672 2175 personam
693 2093 854 2171 indueret,
874 2113 1016 2177 eumque
1032 2090 1135 2155 Deam
1157 2113 1229 2155 con·

121 2200 278 2259 reatorem
295 2202 325 2256 et
338 2190 522 2277 sacrilegum
542 2195 721 2259 exhiberet.
767 2194 883 2259 Po'etae
903 2192 1065 2276 ingenium
1078 2213 1146 2276 quo
1161 2199 1228 2258 tra·

120 2295 200 2360 mite
226 2312 437 2378 progressum
458 2295 513 2373 sit,
533 2294 632 2359 facile
653 2315 698 2359 ex
721 2296 1021 2361 modo'memorata
1043 2294 1249 2359 narratione

118 2394 259 2478 intelligi
271 2401 393 2479 potest,
408 2401 442 2460 et
463 2417 485 2460 a
505 2395 681 2461 Macrobio
704 2417 836 2481 quoqne
859 2397 1062 2480 explicatum
1080 2395 1163 2460 satis
1178 2402 1229 2459 est

121 2493 195 2560 snt
226 2511 283 2573 111,
307 2497 330 2558 5
357 2495 461 2591 :Sed
497 2517 607 2561 veram
639 2497 737 2581 hujus
766 2497 1047 2563 contumacissimi
1075 2493 1228 2561 nominis'

120 2593 229 2680 (quod
242 2601 424 2660 contemtor
440 2597 564 2660 Divum
579 2597 685 2662 dictus
699 2603 764 2676 est)
787 2602 796 2630 ‘
812 2618 947 2666 causam
963 2597 1119 2680 inprime
1142 2597 1228 2661 libro

119 2694 238 2779 Origg.
258 2694 396 2762 Catonis
414 2696 556 2780 tliligeus
580 2698 683 2762 lector
705 2699 858 2763 inveniet.
903 2697 963 2762 Ait
985 2696 1072 2761 enim
1094 2696 1230 2762 Mezen·
1278 2780 1280 2783 Ι

121 2798 207 2863 tium
231 2796 367 2862 Rubrlis
390 2799 581 2882 imperasse,
606 2806 644 2864 ut
670 2800 735 2864 sibi
762 2800 921 2878 offerrent,
948 2820 1035 2884 quas
1062 2799 1139 2863 Diis
1161 2797 1230 2883 pri·

122 2896 237 2964 mitias
258 2898 456 2964 offerebant:
479 2906 513 2964 et
535 2900 672 2965 latinos
695 2921 819 2978 omnes,
835 2902 954 2966 similis
977 2901 1106 2985 imperii
1128 2906 1229 2976 metu,

122 3000 170 3067 ita
186 3000 342 3064 vocasse’
362 3002 398 3077 (l.
413 2998 584 3085 vovisse):
608 3002 656 3064 ‘J
659 3003 776 3083 upiter,
792 3003 820 3065 si
840 3003 901 3065 tibi
923 3003 1030 3083 magis
1053 3000 1145 3065 cordi
1167 3005 1229 3076 est,

122 3088 184 3166 nos
199 3121 242 3165 ea
256 3102 316 3165 tibi
331 3100 409 3165 dare
422 3102 547 3185 potins,
563 3121 662 3195 quarn
678 3100 866 3165 Mezentio:
889 3107 928 3166 ut
951 3103 981 3165 ei
1004 3120 1064 3163 nos
1083 3101 1230 3185 victores
1293 3159 1297 3165 ,

123 3200 251 3266 iacias!
277 3200 365 3283 Ergo
390 3202 481 3284 quod
504 3202 636 3266 divinos
665 3202 804 3266 bonores
830 3203 895 3267 sibi
924 3205 1089 3283 exegerat,
1114 3198 1230 3262 merito

123 3301 234 3368 dictus
253 3309 305 3367 est
322 3324 344 3367 a
364 3302 505 3386 Virgilio
529 3309 708 3369 contemtor
731 3302 901 3367 Deorum?
945 3302 1030 3367 Cum
1051 3297 1231 3383 impietatis

123 3413 212 3486 nom,
243 3408 363 3471 inussit
390 3406 508 3471 deinde
535 3407 636 3491 pocta
662 3408 802 3472 saevitiae
832 3408 1003 3489 omnisque
1029 3401 1231 3468 crudelitatis

124 3509 309 3586 infamiam,
324 3514 362 3572 ut
385 3513 419 3572 et
441 3508 522 3572 viva
542 3527 683 3591 corpora
697 3509 846 3590 alligaret
860 3508 1087 3574 cadaveribus.
1110 3504 1156 3568 V.
1171 3504 1231 3570 lib.

126 3627 210 3687 vui,
225 3609 376 3692 4838qq.
422 3608 501 3673 Hoc
522 3615 725 3692 postremum
747 3628 792 3671 ex
812 3595 961 3691 antiquis
981 3606 1165 3671 Tuscorum
1183 3604 1232 3670 fa·-

125 3708 214 3775 bulis
238 3716 387 3775 mutuare
411 3713 531 3793 potuit.
577 3711 668 3774 Nam
694 3709 830 3777 Servius
853 3712 900 3774 ibi
926 3709 969 3772 ad
992 3709 1068 3773 479.
1091 3707 1157 3771 485
1188 3725 1232 3769 ex

127 3807 300 3876 Ciceronis
314 3812 497 3877 Hortensio
518 3817 675 3877 memorat
695 3810 882 3894 Tyrrhenos
902 3810 959 3874 diu
978 3810 1152 3894 piraticam
1173 3825 1233 3870 ex·

127 3914 286 3991 arcuisse,
302 3918 312 3946 ‘
328 3933 404 3978 cum
417 3915 571 3999 captivos
585 3913 684 3977 novis
707 3915 817 3996 poenis
839 3909 1027 3996 affligerent,
1043 3909 1231 3973 occisorum

127 4028 185 4076 eos
211 4013 390 4096 religantes
420 4013 658 4080 cadaveribus?
702 4015 813 4078 Iocus
844 4033 889 4079 ex
919 4010 1111 4084 Hortensio,
1142 4003 1232 4089 quod

130 4111 240 4182 Corda
265 4136 403 4202 quoquo
427 4117 564 4197 notarit,
586 4123 734 4187 servants
760 4121 812 4207 est
839 4116 883 4181 ab
907 4111 1093 4197 Augustino
1117 4110 1233 4172 conca
