<?xml version="1.0" encoding="UTF-8"?>
<!DOCTYPE html PUBLIC "-//W3C//DTD XHTML 1.0 Transitional//EN"
    "http://www.w3.org/TR/xhtml1/DTD/xhtml1-transitional.dtd">
<html xmlns="http://www.w3.org/1999/xhtml" xml:lang="en" lang="en">
 <head>
  <title>
</title>
<meta http-equiv="Content-Type" content="text/html;charset=utf-8" />
  <meta name='ocr-system' content='tesseract 3.04.00' />
  <meta name='ocr-capabilities' content='ocr_page ocr_carea ocr_par ocr_line ocrx_word'/>
</head>
<body>
  <div class='ocr_page' id='page_1' title='image "./pvirgiliimaroni00virggoog/pvirgiliimaroni00virggoog_0400.png"; bbox 0 0 2664 4686; ppageno 0'>
   <div class='ocr_carea' id='block_1_1' title="bbox 259 297 1206 410">
    <p class='ocr_par' dir='ltr' id='par_1_1' title="bbox 259 297 1206 410">
     <span class='ocr_line' id='line_1_1' title="bbox 259 297 1206 410; baseline 0.018 -16"><span class='ocrx_word' id='word_1_1' title='bbox 259 297 285 338; x_wconf 70' lang='lat'><em>⁶</em></span> <span class='ocrx_word' id='word_1_2' title='bbox 349 334 603 400; x_wconf 73' lang='lat' dir='ltr'><strong>nucerensi*</strong></span> <span class='ocrx_word' id='word_1_3' title='bbox 626 352 679 401; x_wconf 79' lang='lat' dir='ltr'><strong>nn</strong></span> <span class='ocrx_word' id='word_1_4' title='bbox 701 352 774 402; x_wconf 75' lang='lat' dir='ltr'><strong>nn.</strong></span> <span class='ocrx_word' id='word_1_5' title='bbox 799 355 872 404; x_wconf 86' lang='lat' dir='ltr'><strong>mn.</strong></span> <span class='ocrx_word' id='word_1_6' title='bbox 896 356 951 404; x_wconf 83' lang='lat' dir='ltr'><strong>rx.</strong></span> <span class='ocrx_word' id='word_1_7' title='bbox 1115 344 1206 410; x_wconf 70' lang='grc'>’4347</span> 
     </span>
    </p>
   </div>
   <div class='ocr_carea' id='block_1_2' title="bbox 377 679 947 941">
    <p class='ocr_par' dir='ltr' id='par_1_2' title="bbox 377 679 947 941">
     <span class='ocr_line' id='line_1_2' title="bbox 416 679 887 759; baseline 0.015 -7"><span class='ocrx_word' id='word_1_8' title='bbox 416 679 792 758; x_wconf 80' lang='lat' dir='ltr'>EXCURSUS</span> <span class='ocrx_word' id='word_1_9' title='bbox 832 679 887 759; x_wconf 69' lang='lat'><strong>10*</strong></span> 
     </span>
     <span class='ocr_line' id='line_1_3' title="bbox 377 872 947 941; baseline 0.007 -4"><span class='ocrx_word' id='word_1_10' title='bbox 377 872 443 938; x_wconf 81' lang='lat' dir='ltr'><strong>nn</strong></span> <span class='ocrx_word' id='word_1_11' title='bbox 481 874 708 939; x_wconf 81' lang='lat' dir='ltr'><strong>AEnnlnos</strong></span> <span class='ocrx_word' id='word_1_12' title='bbox 741 875 832 940; x_wconf 75' lang='lat' dir='ltr'><strong>nin.</strong></span> <span class='ocrx_word' id='word_1_13' title='bbox 876 876 947 941; x_wconf 81' lang='lat' dir='ltr'><strong>lx.</strong></span> 
     </span>
    </p>
   </div>
   <div class='ocr_carea' id='block_1_3' title="bbox 139 1049 1196 1191">
    <p class='ocr_par' dir='ltr' id='par_1_3' title="bbox 139 1049 1196 1191">
     <span class='ocr_line' id='line_1_4' title="bbox 139 1049 1163 1190; baseline 0.012 -87"><span class='ocrx_word' id='word_1_14' title='bbox 139 1049 318 1105; x_wconf 74' lang='lat' dir='ltr'><strong>NARRATA</strong></span> <span class='ocrx_word' id='word_1_15' title='bbox 334 1054 388 1107; x_wconf 85' lang='lat' dir='ltr'><strong>DE</strong></span> <span class='ocrx_word' id='word_1_16' title='bbox 402 1057 510 1109; x_wconf 81' lang='lat' dir='ltr'><strong>AENEA</strong></span> <span class='ocrx_word' id='word_1_17' title='bbox 526 1059 749 1190; x_wconf 39' lang='grc' dir='ltr'><strong>ΕἸὧΑΝΟΗΙΙῖΒΪ</strong></span> <span class='ocrx_word' id='word_1_18' title='bbox 764 1059 861 1112; x_wconf 79' lang='lat' dir='ltr'><strong>ANTE</strong></span> <span class='ocrx_word' id='word_1_19' title='bbox 877 1061 985 1112; x_wconf 78' lang='lat' dir='ltr'>BELLI</span> <span class='ocrx_word' id='word_1_20' title='bbox 1002 1061 1163 1115; x_wconf 84' lang='lat' dir='ltr'><strong>TROJANI</strong></span> 
     </span>
     <span class='ocr_line' id='line_1_5' title="bbox 584 1138 1196 1191; baseline 0 -1"><span class='ocrx_word' id='word_1_21' title='bbox 584 1140 687 1191; x_wconf 80' lang='lat' dir='ltr'>EMPO</span> <span class='ocrx_word' id='word_1_22' title='bbox 741 1176 748 1189; x_wconf 91' lang='lat'><strong>.</strong></span> <span class='ocrx_word' id='word_1_23' title='bbox 1191 1138 1196 1145; x_wconf 82' lang='lat'>&#39;</span> 
     </span>
    </p>
   </div>
   <div class='ocr_carea' id='block_1_4' title="bbox 92 1314 1323 1916">
    <p class='ocr_par' dir='ltr' id='par_1_4' title="bbox 92 1314 1323 1916">
     <span class='ocr_line' id='line_1_6' title="bbox 92 1314 1206 1411; baseline 0.01 -30"><span class='ocrx_word' id='word_1_24' title='bbox 92 1314 182 1382; x_wconf 81' lang='lat' dir='ltr'><strong>Ins.</strong></span> <span class='ocrx_word' id='word_1_25' title='bbox 211 1333 268 1395; x_wconf 84' lang='lat' dir='ltr'><strong>rx,</strong></span> <span class='ocrx_word' id='word_1_26' title='bbox 292 1317 369 1384; x_wconf 77' lang='lat'><strong>263.</strong></span> <span class='ocrx_word' id='word_1_27' title='bbox 399 1319 465 1384; x_wconf 74' lang='lat'><strong>264</strong></span> <span class='ocrx_word' id='word_1_28' title='bbox 499 1319 609 1385; x_wconf 82' lang='lat' dir='ltr'><strong>‘Eine</strong></span> <span class='ocrx_word' id='word_1_29' title='bbox 637 1320 726 1386; x_wconf 88' lang='lat' dir='ltr'><strong>dabo</strong></span> <span class='ocrx_word' id='word_1_30' title='bbox 756 1328 892 1405; x_wconf 82' lang='lat' dir='ltr'><strong>argento</strong></span> <span class='ocrx_word' id='word_1_31' title='bbox 930 1323 1077 1406; x_wconf 80' lang='lat' dir='ltr'><strong>perfecta</strong></span> <span class='ocrx_word' id='word_1_32' title='bbox 1106 1331 1206 1411; x_wconf 84' lang='lat' dir='ltr'><strong>atque</strong></span> 
     </span>
     <span class='ocr_line' id='line_1_7' title="bbox 92 1419 1323 1510; baseline 0.011 -30"><span class='ocrx_word' id='word_1_33' title='bbox 92 1436 222 1507; x_wconf 69' lang='lat' dir='ltr'><strong>aspera</strong></span> <span class='ocrx_word' id='word_1_34' title='bbox 242 1421 345 1502; x_wconf 79' lang='lat' dir='ltr'><strong>signis</strong></span> <span class='ocrx_word' id='word_1_35' title='bbox 373 1419 512 1497; x_wconf 81' lang='lat' dir='ltr'><strong>Pocula,</strong></span> <span class='ocrx_word' id='word_1_36' title='bbox 538 1422 670 1487; x_wconf 83' lang='lat' dir='ltr'><strong>devicta</strong></span> <span class='ocrx_word' id='word_1_37' title='bbox 695 1426 818 1506; x_wconf 82' lang='lat' dir='ltr'><strong>genitor</strong></span> <span class='ocrx_word' id='word_1_38' title='bbox 843 1445 918 1508; x_wconf 83' lang='lat' dir='ltr'><strong>quae</strong></span> <span class='ocrx_word' id='word_1_39' title='bbox 941 1427 1032 1510; x_wconf 87' lang='lat' dir='ltr'><strong>oepit</strong></span> <span class='ocrx_word' id='word_1_40' title='bbox 1059 1426 1206 1494; x_wconf 68' lang='lat' dir='ltr'><strong>Arisba!</strong></span> <span class='ocrx_word' id='word_1_41' title='bbox 1320 1495 1323 1501; x_wconf 76' lang='grc'>,</span> 
     </span>
     <span class='ocr_line' id='line_1_8' title="bbox 92 1512 1205 1614; baseline 0.007 -30"><span class='ocrx_word' id='word_1_42' title='bbox 92 1512 156 1584; x_wconf 74' lang='lat' dir='ltr'><strong>‘An</strong></span> <span class='ocrx_word' id='word_1_43' title='bbox 168 1540 224 1585; x_wconf 89' lang='lat' dir='ltr'><strong>res</strong></span> <span class='ocrx_word' id='word_1_44' title='bbox 238 1526 313 1585; x_wconf 87' lang='lat' dir='ltr'><strong>ante</strong></span> <span class='ocrx_word' id='word_1_45' title='bbox 327 1521 450 1585; x_wconf 89' lang='lat' dir='ltr'><strong>bellum</strong></span> <span class='ocrx_word' id='word_1_46' title='bbox 461 1522 642 1608; x_wconf 88' lang='lat' dir='ltr'><strong>Trojanum</strong></span> <span class='ocrx_word' id='word_1_47' title='bbox 662 1533 782 1608; x_wconf 80' lang='lat' dir='ltr'><strong>gestas,</strong></span> <span class='ocrx_word' id='word_1_48' title='bbox 799 1526 949 1611; x_wconf 82' lang='lat' dir='ltr'><strong>adeoque</strong></span> <span class='ocrx_word' id='word_1_49' title='bbox 965 1528 1008 1591; x_wconf 87' lang='lat' dir='ltr'><strong>ad</strong></span> <span class='ocrx_word' id='word_1_50' title='bbox 1029 1532 1068 1589; x_wconf 71' lang='grc' dir='ltr'><strong>τὰ</strong></span> <span class='ocrx_word' id='word_1_51' title='bbox 1082 1553 1205 1614; x_wconf 73' lang='grc' dir='ltr'>προσμη-</span> 
     </span>
     <span class='ocr_line' id='line_1_9' title="bbox 92 1621 1205 1713; baseline 0.01 -29"><span class='ocrx_word' id='word_1_52' title='bbox 92 1623 168 1709; x_wconf 68' lang='lat' dir='ltr'><strong>pud</strong></span> <span class='ocrx_word' id='word_1_53' title='bbox 189 1621 253 1686; x_wconf 89' lang='lat' dir='ltr'><strong>hoc</strong></span> <span class='ocrx_word' id='word_1_54' title='bbox 276 1623 437 1707; x_wconf 83' lang='lat' dir='ltr'><strong>pertinere</strong></span> <span class='ocrx_word' id='word_1_55' title='bbox 458 1625 493 1688; x_wconf 94' lang='lat' dir='ltr'><strong>in</strong></span> <span class='ocrx_word' id='word_1_56' title='bbox 519 1624 623 1690; x_wconf 89' lang='lat' dir='ltr'><strong>Notis</strong></span> <span class='ocrx_word' id='word_1_57' title='bbox 636 1627 805 1710; x_wconf 83' lang='lat' dir='ltr'><strong>professus</strong></span> <span class='ocrx_word' id='word_1_58' title='bbox 828 1649 920 1708; x_wconf 81' lang='lat' dir='ltr'><strong>sum3</strong></span> <span class='ocrx_word' id='word_1_59' title='bbox 943 1649 1031 1709; x_wconf 88' lang='lat' dir='ltr'><strong>nam,</strong></span> <span class='ocrx_word' id='word_1_60' title='bbox 1057 1630 1146 1713; x_wconf 91' lang='lat' dir='ltr'><strong>quod</strong></span> <span class='ocrx_word' id='word_1_61' title='bbox 1171 1634 1205 1696; x_wconf 91' lang='lat' dir='ltr'><strong>in</strong></span> 
     </span>
     <span class='ocr_line' id='line_1_10' title="bbox 93 1720 1207 1816; baseline 0.011 -29"><span class='ocrx_word' id='word_1_62' title='bbox 93 1720 219 1788; x_wconf 81' lang='lat' dir='ltr'><strong>Servio</strong></span> <span class='ocrx_word' id='word_1_63' title='bbox 233 1744 277 1789; x_wconf 84' lang='lat' dir='ltr'><strong>ex</strong></span> <span class='ocrx_word' id='word_1_64' title='bbox 292 1727 436 1791; x_wconf 89' lang='lat' dir='ltr'><strong>obscuro</strong></span> <span class='ocrx_word' id='word_1_65' title='bbox 449 1725 581 1791; x_wconf 87' lang='lat' dir='ltr'><strong>homine</strong></span> <span class='ocrx_word' id='word_1_66' title='bbox 596 1727 726 1793; x_wconf 86' lang='lat' dir='ltr'><strong>Abante</strong></span> <span class='ocrx_word' id='word_1_67' title='bbox 741 1730 767 1792; x_wconf 73' lang='lat' dir='ltr'><strong>iv</strong></span> <span class='ocrx_word' id='word_1_68' title='bbox 780 1732 838 1802; x_wconf 82' lang='grc' dir='ltr'><strong>τοῖς</strong></span> <span class='ocrx_word' id='word_1_69' title='bbox 854 1732 988 1816; x_wconf 69' lang='grc' dir='ltr'><strong>Τρωϊκοῖς</strong></span> <span class='ocrx_word' id='word_1_70' title='bbox 1004 1731 1141 1796; x_wconf 88' lang='lat' dir='ltr'><strong>allatum</strong></span> <span class='ocrx_word' id='word_1_71' title='bbox 1155 1739 1207 1799; x_wconf 79' lang='lat' dir='ltr'><strong>est</strong></span> 
     </span>
     <span class='ocr_line' id='line_1_11' title="bbox 93 1823 1206 1916; baseline 0.008 -28"><span class='ocrx_word' id='word_1_72' title='bbox 93 1823 264 1888; x_wconf 83' lang='lat' dir='ltr'><strong>oiabnlis</strong></span> <span class='ocrx_word' id='word_1_73' title='bbox 287 1824 362 1889; x_wconf 93' lang='lat' dir='ltr'><strong>inde</strong></span> <span class='ocrx_word' id='word_1_74' title='bbox 388 1828 432 1891; x_wconf 90' lang='lat' dir='ltr'><strong>ab</strong></span> <span class='ocrx_word' id='word_1_75' title='bbox 453 1827 587 1891; x_wconf 87' lang='lat' dir='ltr'><strong>excidio</strong></span> <span class='ocrx_word' id='word_1_76' title='bbox 610 1832 806 1908; x_wconf 84' lang='lat' dir='ltr'><strong>memoratis,</strong></span> <span class='ocrx_word' id='word_1_77' title='bbox 826 1831 929 1914; x_wconf 69' lang='lat' dir='ltr'><strong>poeta</strong></span> <span class='ocrx_word' id='word_1_78' title='bbox 950 1833 1115 1916; x_wconf 79' lang='lat' dir='ltr'><strong>respicere</strong></span> <span class='ocrx_word' id='word_1_79' title='bbox 1138 1851 1206 1897; x_wconf 89' lang='lat' dir='ltr'><strong>uon</strong></span> 
     </span>
    </p>
   </div>
   <div class='ocr_carea' id='block_1_5' title="bbox 92 1927 1303 4243">
    <p class='ocr_par' dir='ltr' id='par_1_5' title="bbox 92 1927 1276 2113">
     <span class='ocr_line' id='line_1_12' title="bbox 93 1927 1204 2014; baseline 0.005 -22"><span class='ocrx_word' id='word_1_80' title='bbox 93 1927 223 2010; x_wconf 78' lang='lat' dir='ltr'><strong>potuit:</strong></span> <span class='ocrx_word' id='word_1_81' title='bbox 247 1927 372 2010; x_wconf 88' lang='lat' dir='ltr'><strong>quippe</strong></span> <span class='ocrx_word' id='word_1_82' title='bbox 387 1928 444 2010; x_wconf 90' lang='lat' dir='ltr'><strong>qui</strong></span> <span class='ocrx_word' id='word_1_83' title='bbox 464 1927 607 1992; x_wconf 86' lang='lat' dir='ltr'><strong>AEneam</strong></span> <span class='ocrx_word' id='word_1_84' title='bbox 631 1932 740 1994; x_wconf 80' lang='lat' dir='ltr'><strong>statim</strong></span> <span class='ocrx_word' id='word_1_85' title='bbox 764 1950 786 1996; x_wconf 92' lang='lat' dir='ltr'><strong>a</strong></span> <span class='ocrx_word' id='word_1_86' title='bbox 808 1937 909 2014; x_wconf 80' lang='lat' dir='ltr'><strong>capta</strong></span> <span class='ocrx_word' id='word_1_87' title='bbox 929 1933 1009 1996; x_wconf 90' lang='lat' dir='ltr'><strong>urbe</strong></span> <span class='ocrx_word' id='word_1_88' title='bbox 1034 1931 1204 1997; x_wconf 85' lang='lat' dir='ltr'><strong>discedere</strong></span> 
     </span>
     <span class='ocr_line' id='line_1_13' title="bbox 92 2024 1276 2113; baseline 0.006 -22"><span class='ocrx_word' id='word_1_89' title='bbox 92 2024 210 2113; x_wconf 85' lang='lat' dir='ltr'><strong>jussit,</strong></span> <span class='ocrx_word' id='word_1_90' title='bbox 226 2029 332 2091; x_wconf 91' lang='lat' dir='ltr'><strong>necin</strong></span> <span class='ocrx_word' id='word_1_91' title='bbox 345 2027 478 2092; x_wconf 79' lang='lat' dir='ltr'><strong>&#39;l&#39;roade</strong></span> <span class='ocrx_word' id='word_1_92' title='bbox 492 2024 600 2093; x_wconf 81' lang='lat' dir='ltr'><strong>novas</strong></span> <span class='ocrx_word' id='word_1_93' title='bbox 615 2049 668 2093; x_wconf 89' lang='lat' dir='ltr'><strong>res</strong></span> <span class='ocrx_word' id='word_1_94' title='bbox 678 2032 796 2095; x_wconf 91' lang='lat' dir='ltr'><strong>moliri.</strong></span> <span class='ocrx_word' id='word_1_95' title='bbox 1273 2102 1276 2107; x_wconf 73' lang='grc'><em>,</em></span> 
     </span>
    </p>

    <p class='ocr_par' dir='ltr' id='par_1_6' title="bbox 92 2125 1303 3327">
     <span class='ocr_line' id='line_1_14' title="bbox 138 2125 1303 2215; baseline 0.004 -23"><span class='ocrx_word' id='word_1_96' title='bbox 138 2126 267 2193; x_wconf 88' lang='lat' dir='ltr'><strong>Vemm</strong></span> <span class='ocrx_word' id='word_1_97' title='bbox 280 2147 386 2193; x_wconf 87' lang='lat' dir='ltr'><strong>rerum</strong></span> <span class='ocrx_word' id='word_1_98' title='bbox 399 2135 475 2195; x_wconf 85' lang='lat' dir='ltr'><strong>ante</strong></span> <span class='ocrx_word' id='word_1_99' title='bbox 488 2131 612 2195; x_wconf 89' lang='lat' dir='ltr'><strong>bellum</strong></span> <span class='ocrx_word' id='word_1_100' title='bbox 626 2131 808 2215; x_wconf 78' lang='lat' dir='ltr'><strong>&#39;lhojanum</strong></span> <span class='ocrx_word' id='word_1_101' title='bbox 820 2139 986 2215; x_wconf 82' lang='lat' dir='ltr'><strong>gestamm</strong></span> <span class='ocrx_word' id='word_1_102' title='bbox 997 2135 1131 2197; x_wconf 91' lang='lat' dir='ltr'><strong>omnino</strong></span> <span class='ocrx_word' id='word_1_103' title='bbox 1146 2134 1206 2197; x_wconf 75' lang='lat' dir='ltr'><strong>oh·</strong></span> <span class='ocrx_word' id='word_1_104' title='bbox 1300 2125 1303 2130; x_wconf 65' lang='grc'><strong>’</strong></span> 
     </span>
     <span class='ocr_line' id='line_1_15' title="bbox 96 2231 1206 2316; baseline 0.002 -20"><span class='ocrx_word' id='word_1_105' title='bbox 96 2231 228 2296; x_wconf 80' lang='lat' dir='ltr'><strong>ecurior</strong></span> <span class='ocrx_word' id='word_1_106' title='bbox 251 2236 302 2296; x_wconf 90' lang='lat' dir='ltr'><strong>est</strong></span> <span class='ocrx_word' id='word_1_107' title='bbox 325 2232 494 2315; x_wconf 88' lang='lat' dir='ltr'><strong>memoria,</strong></span> <span class='ocrx_word' id='word_1_108' title='bbox 517 2251 617 2314; x_wconf 91' lang='lat' dir='ltr'><strong>quam</strong></span> <span class='ocrx_word' id='word_1_109' title='bbox 641 2251 755 2295; x_wconf 87' lang='lat' dir='ltr'><strong>earum</strong></span> <span class='ocrx_word' id='word_1_110' title='bbox 770 2253 846 2316; x_wconf 85' lang='lat' dir='ltr'><strong>quae</strong></span> <span class='ocrx_word' id='word_1_111' title='bbox 862 2234 975 2296; x_wconf 86' lang='lat' dir='ltr'><strong>urbem</strong></span> <span class='ocrx_word' id='word_1_112' title='bbox 991 2239 1123 2316; x_wconf 82' lang='lat' dir='ltr'><strong>captam</strong></span> <span class='ocrx_word' id='word_1_113' title='bbox 1147 2253 1206 2298; x_wconf 80' lang='lat' dir='ltr'><strong>ex·</strong></span> 
     </span>
     <span class='ocr_line' id='line_1_16' title="bbox 92 2330 1207 2420; baseline 0 -23"><span class='ocrx_word' id='word_1_114' title='bbox 92 2338 268 2416; x_wconf 80' lang='lat' dir='ltr'><strong>oeperunt.</strong></span> <span class='ocrx_word' id='word_1_115' title='bbox 314 2330 409 2396; x_wconf 89' lang='lat' dir='ltr'><strong>Nihil</strong></span> <span class='ocrx_word' id='word_1_116' title='bbox 437 2332 519 2396; x_wconf 81' lang='lat' dir='ltr'><strong>sorte</strong></span> <span class='ocrx_word' id='word_1_117' title='bbox 541 2331 815 2406; x_wconf 67' lang='lat' dir='ltr'><strong>desideraremus</strong></span> <span class='ocrx_word' id='word_1_118' title='bbox 841 2334 871 2396; x_wconf 87' lang='lat' dir='ltr'><strong>si</strong></span> <span class='ocrx_word' id='word_1_119' title='bbox 897 2330 1032 2396; x_wconf 85' lang='lat' dir='ltr'><strong>Carmen</strong></span> <span class='ocrx_word' id='word_1_120' title='bbox 1055 2330 1207 2420; x_wconf 78' lang='lat' dir='ltr'><strong>Cyprium</strong></span> 
     </span>
     <span class='ocr_line' id='line_1_17' title="bbox 96 2431 1206 2520; baseline 0.002 -23"><span class='ocrx_word' id='word_1_121' title='bbox 96 2440 305 2518; x_wconf 73' lang='lat' dir='ltr'><strong>superesset:</strong></span> <span class='ocrx_word' id='word_1_122' title='bbox 328 2432 369 2497; x_wconf 87' lang='lat' dir='ltr'><strong>de</strong></span> <span class='ocrx_word' id='word_1_123' title='bbox 383 2452 451 2516; x_wconf 94' lang='lat' dir='ltr'><strong>quo</strong></span> <span class='ocrx_word' id='word_1_124' title='bbox 465 2431 534 2497; x_wconf 91' lang='lat' dir='ltr'><strong>vid.</strong></span> <span class='ocrx_word' id='word_1_125' title='bbox 547 2432 591 2495; x_wconf 86' lang='lat' dir='ltr'><strong>ad</strong></span> <span class='ocrx_word' id='word_1_126' title='bbox 604 2432 662 2496; x_wconf 91' lang='lat' dir='ltr'><strong>lib.</strong></span> <span class='ocrx_word' id='word_1_127' title='bbox 680 2449 707 2495; x_wconf 78' lang='grc' dir='ltr'><strong>ιι</strong></span> <span class='ocrx_word' id='word_1_128' title='bbox 725 2431 812 2497; x_wconf 84' lang='lat' dir='ltr'><strong>Exc.</strong></span> <span class='ocrx_word' id='word_1_129' title='bbox 831 2449 855 2510; x_wconf 88' lang='lat'><strong>1,</strong></span> <span class='ocrx_word' id='word_1_130' title='bbox 870 2455 904 2517; x_wconf 90' lang='lat' dir='ltr'><strong>p.</strong></span> <span class='ocrx_word' id='word_1_131' title='bbox 919 2434 985 2499; x_wconf 85' lang='grc'><strong>368</strong></span> <span class='ocrx_word' id='word_1_132' title='bbox 1001 2454 1051 2518; x_wconf 84' lang='lat' dir='ltr'><strong>sq.</strong></span> <span class='ocrx_word' id='word_1_133' title='bbox 1084 2435 1206 2520; x_wconf 88' lang='lat' dir='ltr'><strong>Neque</strong></span> 
     </span>
     <span class='ocr_line' id='line_1_18' title="bbox 96 2530 1208 2619; baseline 0.003 -21"><span class='ocrx_word' id='word_1_134' title='bbox 96 2530 198 2619; x_wconf 75' lang='lat' dir='ltr'><strong>igitur</strong></span> <span class='ocrx_word' id='word_1_135' title='bbox 210 2534 343 2618; x_wconf 83' lang='lat' dir='ltr'><strong>indigne</strong></span> <span class='ocrx_word' id='word_1_136' title='bbox 356 2536 509 2612; x_wconf 85' lang='lat' dir='ltr'><strong>feremus,</strong></span> <span class='ocrx_word' id='word_1_137' title='bbox 524 2536 553 2598; x_wconf 89' lang='lat' dir='ltr'><strong>si</strong></span> <span class='ocrx_word' id='word_1_138' title='bbox 579 2535 620 2599; x_wconf 93' lang='lat' dir='ltr'><strong>de</strong></span> <span class='ocrx_word' id='word_1_139' title='bbox 643 2540 742 2619; x_wconf 88' lang='lat' dir='ltr'><strong>capta</strong></span> <span class='ocrx_word' id='word_1_140' title='bbox 756 2537 800 2599; x_wconf 84' lang='lat' dir='ltr'><strong>ab</strong></span> <span class='ocrx_word' id='word_1_141' title='bbox 816 2532 965 2599; x_wconf 83' lang='lat' dir='ltr'><strong>Anchise</strong></span> <span class='ocrx_word' id='word_1_142' title='bbox 981 2534 1104 2601; x_wconf 83' lang='lat' dir='ltr'><strong>Arisba</strong></span> <span class='ocrx_word' id='word_1_143' title='bbox 1123 2537 1208 2601; x_wconf 89' lang='lat' dir='ltr'><strong>nihii</strong></span> 
     </span>
     <span class='ocr_line' id='line_1_19' title="bbox 96 2635 1206 2721; baseline -0.001 -18"><span class='ocrx_word' id='word_1_144' title='bbox 96 2636 231 2703; x_wconf 75' lang='lat' dir='ltr'><strong>aliunde</strong></span> <span class='ocrx_word' id='word_1_145' title='bbox 245 2637 402 2716; x_wconf 83' lang='lat' dir='ltr'><strong>innotuit3</strong></span> <span class='ocrx_word' id='word_1_146' title='bbox 425 2635 508 2699; x_wconf 87' lang='lat' dir='ltr'><strong>adeo</strong></span> <span class='ocrx_word' id='word_1_147' title='bbox 522 2640 559 2698; x_wconf 89' lang='lat' dir='ltr'><strong>ut</strong></span> <span class='ocrx_word' id='word_1_148' title='bbox 567 2635 709 2700; x_wconf 87' lang='lat' dir='ltr'><strong>dubitari</strong></span> <span class='ocrx_word' id='word_1_149' title='bbox 720 2656 852 2719; x_wconf 90' lang='lat' dir='ltr'><strong>quoque</strong></span> <span class='ocrx_word' id='word_1_150' title='bbox 864 2636 986 2721; x_wconf 87' lang='lat' dir='ltr'><strong>possit,</strong></span> <span class='ocrx_word' id='word_1_151' title='bbox 1003 2637 1087 2702; x_wconf 87' lang='lat' dir='ltr'><strong>sitne</strong></span> <span class='ocrx_word' id='word_1_152' title='bbox 1098 2636 1206 2702; x_wconf 87' lang='lat' dir='ltr'><strong>Troa-</strong></span> 
     </span>
     <span class='ocr_line' id='line_1_20' title="bbox 94 2734 1203 2827; baseline 0.002 -26"><span class='ocrx_word' id='word_1_153' title='bbox 94 2734 149 2827; x_wconf 86' lang='lat' dir='ltr'><strong>&#39;dis</strong></span> <span class='ocrx_word' id='word_1_154' title='bbox 163 2756 207 2801; x_wconf 85' lang='lat' dir='ltr'><strong>an</strong></span> <span class='ocrx_word' id='word_1_155' title='bbox 222 2735 325 2800; x_wconf 82' lang='lat' dir='ltr'><strong>Lesbi</strong></span> <span class='ocrx_word' id='word_1_156' title='bbox 339 2738 429 2801; x_wconf 89' lang='lat' dir='ltr'><strong>mhs·</strong></span> <span class='ocrx_word' id='word_1_157' title='bbox 440 2736 505 2799; x_wconf 92' lang='lat' dir='ltr'><strong>hoc</strong></span> <span class='ocrx_word' id='word_1_158' title='bbox 518 2736 594 2800; x_wconf 90' lang='lat' dir='ltr'><strong>loco</strong></span> <span class='ocrx_word' id='word_1_159' title='bbox 608 2737 829 2820; x_wconf 83' lang='lat' dir='ltr'><strong>intelligenda.</strong></span> <span class='ocrx_word' id='word_1_160' title='bbox 875 2738 986 2803; x_wconf 88' lang='lat' dir='ltr'><strong>Misso</strong></span> <span class='ocrx_word' id='word_1_161' title='bbox 1000 2744 1110 2803; x_wconf 82' lang='lat' dir='ltr'><strong>tamen</strong></span> <span class='ocrx_word' id='word_1_162' title='bbox 1128 2739 1203 2816; x_wconf 91' lang='lat' dir='ltr'><strong>hoc,</strong></span> 
     </span>
     <span class='ocr_line' id='line_1_21' title="bbox 94 2837 1208 2925; baseline -0.001 -21"><span class='ocrx_word' id='word_1_163' title='bbox 94 2837 369 2925; x_wconf 77' lang='lat' dir='ltr'><strong>quandoquidem</strong></span> <span class='ocrx_word' id='word_1_164' title='bbox 399 2837 499 2901; x_wconf 86' lang='lat' dir='ltr'><strong>semel</strong></span> <span class='ocrx_word' id='word_1_165' title='bbox 528 2838 563 2900; x_wconf 92' lang='lat' dir='ltr'><strong>in</strong></span> <span class='ocrx_word' id='word_1_166' title='bbox 587 2837 674 2901; x_wconf 91' lang='lat' dir='ltr'><strong>hanc</strong></span> <span class='ocrx_word' id='word_1_167' title='bbox 701 2840 914 2920; x_wconf 81' lang='lat' dir='ltr'><strong>quaestionem</strong></span> <span class='ocrx_word' id='word_1_168' title='bbox 939 2840 1130 2916; x_wconf 90' lang='lat' dir='ltr'><strong>incidimus,</strong></span> <span class='ocrx_word' id='word_1_169' title='bbox 1147 2858 1208 2923; x_wconf 85' lang='lat' dir='ltr'><strong>age</strong></span> 
     </span>
     <span class='ocr_line' id='line_1_22' title="bbox 95 2936 1207 3025; baseline -0.003 -19"><span class='ocrx_word' id='word_1_170' title='bbox 95 2940 275 3007; x_wconf 75' lang='lat' dir='ltr'><strong>videamus</strong></span> <span class='ocrx_word' id='word_1_171' title='bbox 289 2939 367 3016; x_wconf 82' lang='lat' dir='ltr'><strong>aliu,</strong></span> <span class='ocrx_word' id='word_1_172' title='bbox 381 2958 456 3021; x_wconf 83' lang='lat' dir='ltr'><strong>quae</strong></span> <span class='ocrx_word' id='word_1_173' title='bbox 479 2937 520 3001; x_wconf 91' lang='lat' dir='ltr'><strong>de</strong></span> <span class='ocrx_word' id='word_1_174' title='bbox 544 2939 653 3001; x_wconf 89' lang='lat' dir='ltr'><strong>AEnea</strong></span> <span class='ocrx_word' id='word_1_175' title='bbox 667 2943 700 3000; x_wconf 88' lang='lat' dir='ltr'><strong>et</strong></span> <span class='ocrx_word' id='word_1_176' title='bbox 717 2936 863 3000; x_wconf 82' lang='lat' dir='ltr'><strong>Anchise</strong></span> <span class='ocrx_word' id='word_1_177' title='bbox 879 2944 953 3001; x_wconf 84' lang='lat' dir='ltr'><strong>ante</strong></span> <span class='ocrx_word' id='word_1_178' title='bbox 967 2939 1046 3003; x_wconf 91' lang='lat' dir='ltr'><strong>belli</strong></span> <span class='ocrx_word' id='word_1_179' title='bbox 1068 2939 1207 3025; x_wconf 87' lang='lat' dir='ltr'><strong>Trojani</strong></span> 
     </span>
     <span class='ocr_line' id='line_1_23' title="bbox 95 3035 1208 3128; baseline -0.004 -21"><span class='ocrx_word' id='word_1_180' title='bbox 95 3038 261 3126; x_wconf 81' lang='lat' dir='ltr'><strong>¹tempora,</strong></span> <span class='ocrx_word' id='word_1_181' title='bbox 276 3059 352 3128; x_wconf 84' lang='lat' dir='ltr'><strong>quae</strong></span> <span class='ocrx_word' id='word_1_182' title='bbox 378 3035 546 3103; x_wconf 80' lang='lat' dir='ltr'><strong>Homerus</strong></span> <span class='ocrx_word' id='word_1_183' title='bbox 568 3039 688 3119; x_wconf 82' lang='lat' dir='ltr'><strong>attigit,</strong></span> <span class='ocrx_word' id='word_1_184' title='bbox 712 3045 844 3102; x_wconf 85' lang='lat' dir='ltr'><strong>narrata</strong></span> <span class='ocrx_word' id='word_1_185' title='bbox 869 3038 951 3100; x_wconf 85' lang='lat' dir='ltr'><strong>forte</strong></span> <span class='ocrx_word' id='word_1_186' title='bbox 966 3039 1101 3120; x_wconf 90' lang='lat' dir='ltr'><strong>reperiri</strong></span> <span class='ocrx_word' id='word_1_187' title='bbox 1128 3058 1208 3121; x_wconf 90' lang='lat' dir='ltr'><strong>pos·</strong></span> 
     </span>
     <span class='ocr_line' id='line_1_24' title="bbox 94 3138 1209 3208; baseline -0.002 0"><span class='ocrx_word' id='word_1_188' title='bbox 94 3144 196 3208; x_wconf 77' lang='lat' dir='ltr'><strong>&#39;srmtt</strong></span> <span class='ocrx_word' id='word_1_189' title='bbox 220 3142 430 3207; x_wconf 78' lang='lat' dir='ltr'><strong>absolvemus</strong></span> <span class='ocrx_word' id='word_1_190' title='bbox 456 3142 506 3204; x_wconf 90' lang='lat' dir='ltr'><strong>sic</strong></span> <span class='ocrx_word' id='word_1_191' title='bbox 528 3158 659 3203; x_wconf 90' lang='lat' dir='ltr'><strong>omnem</strong></span> <span class='ocrx_word' id='word_1_192' title='bbox 682 3157 789 3201; x_wconf 88' lang='lat' dir='ltr'><strong>rerum</strong></span> <span class='ocrx_word' id='word_1_193' title='bbox 813 3139 930 3203; x_wconf 84' lang='lat' dir='ltr'><strong>AEneae</strong></span> <span class='ocrx_word' id='word_1_194' title='bbox 957 3139 1150 3202; x_wconf 87' lang='lat' dir='ltr'><strong>memoriam</strong></span> <span class='ocrx_word' id='word_1_195' title='bbox 1174 3138 1209 3206; x_wconf 87' lang='lat' dir='ltr'><strong>iu</strong></span> 
     </span>
     <span class='ocr_line' id='line_1_25' title="bbox 92 3241 734 3327; baseline -0.012 -17"><span class='ocrx_word' id='word_1_196' title='bbox 92 3244 151 3310; x_wconf 87' lang='lat' dir='ltr'><strong>bis</strong></span> <span class='ocrx_word' id='word_1_197' title='bbox 163 3243 374 3310; x_wconf 81' lang='lat' dir='ltr'><strong>Excursibus</strong></span> <span class='ocrx_word' id='word_1_198' title='bbox 387 3243 514 3327; x_wconf 87' lang='lat' dir='ltr'><strong>passim</strong></span> <span class='ocrx_word' id='word_1_199' title='bbox 535 3241 734 3324; x_wconf 86' lang='lat' dir='ltr'><strong>expositam.</strong></span> 
     </span>
    </p>

    <p class='ocr_par' dir='ltr' id='par_1_7' title="bbox 96 3339 1226 4148">
     <span class='ocr_line' id='line_1_26' title="bbox 142 3339 1208 3428; baseline -0.006 -17"><span class='ocrx_word' id='word_1_200' title='bbox 142 3344 303 3428; x_wconf 74' lang='lat' dir='ltr'><strong>utigitur</strong></span> <span class='ocrx_word' id='word_1_201' title='bbox 318 3345 468 3410; x_wconf 82' lang='lat' dir='ltr'><strong>omittam</strong></span> <span class='ocrx_word' id='word_1_202' title='bbox 482 3343 552 3421; x_wconf 88' lang='lat' dir='ltr'><strong>illa,</strong></span> <span class='ocrx_word' id='word_1_203' title='bbox 569 3363 645 3425; x_wconf 83' lang='lat' dir='ltr'><strong>quae</strong></span> <span class='ocrx_word' id='word_1_204' title='bbox 662 3342 703 3406; x_wconf 90' lang='lat' dir='ltr'><strong>de</strong></span> <span class='ocrx_word' id='word_1_205' title='bbox 727 3341 880 3406; x_wconf 74' lang='lat' dir='ltr'><strong>Anchisae</strong></span> <span class='ocrx_word' id='word_1_206' title='bbox 896 3343 997 3426; x_wconf 87' lang='lat' dir='ltr'><strong>stirpe</strong></span> <span class='ocrx_word' id='word_1_207' title='bbox 1012 3361 1035 3405; x_wconf 93' lang='lat' dir='ltr'><strong>a</strong></span> <span class='ocrx_word' id='word_1_208' title='bbox 1049 3339 1208 3405; x_wconf 73' lang='lat' dir='ltr'><strong>¹Dardano</strong></span> 
     </span>
     <span class='ocr_line' id='line_1_27' title="bbox 96 3442 1208 3534; baseline -0.009 -21"><span class='ocrx_word' id='word_1_209' title='bbox 96 3467 161 3534; x_wconf 86' lang='lat' dir='ltr'><strong>per</strong></span> <span class='ocrx_word' id='word_1_210' title='bbox 174 3447 310 3525; x_wconf 72' lang='lat' dir='ltr'><strong>Trodm,</strong></span> <span class='ocrx_word' id='word_1_211' title='bbox 324 3445 544 3523; x_wconf 82' lang='lat' dir='ltr'><strong>Assaracum,</strong></span> <span class='ocrx_word' id='word_1_212' title='bbox 567 3445 687 3531; x_wconf 86' lang='lat' dir='ltr'><strong>Capyn</strong></span> <span class='ocrx_word' id='word_1_213' title='bbox 709 3446 812 3510; x_wconf 90' lang='lat' dir='ltr'><strong>ducta</strong></span> <span class='ocrx_word' id='word_1_214' title='bbox 837 3444 917 3524; x_wconf 88' lang='lat' dir='ltr'><strong>(vid.</strong></span> <span class='ocrx_word' id='word_1_215' title='bbox 934 3443 1019 3509; x_wconf 86' lang='lat' dir='ltr'><strong>Exc.</strong></span> <span class='ocrx_word' id='word_1_216' title='bbox 1037 3460 1074 3506; x_wconf 85' lang='lat' dir='ltr'><strong>vr</strong></span> <span class='ocrx_word' id='word_1_217' title='bbox 1092 3442 1136 3507; x_wconf 91' lang='lat' dir='ltr'><strong>ad</strong></span> <span class='ocrx_word' id='word_1_218' title='bbox 1149 3442 1208 3506; x_wconf 91' lang='lat' dir='ltr'><strong>lib.</strong></span> 
     </span>
     <span class='ocr_line' id='line_1_28' title="bbox 101 3545 1226 3633; baseline -0.005 -19"><span class='ocrx_word' id='word_1_219' title='bbox 101 3546 164 3633; x_wconf 86' lang='grc' dir='ltr'>ιιι)</span> <span class='ocrx_word' id='word_1_220' title='bbox 179 3555 249 3613; x_wconf 86' lang='lat' dir='ltr'><strong>tum</strong></span> <span class='ocrx_word' id='word_1_221' title='bbox 272 3549 313 3612; x_wconf 91' lang='lat' dir='ltr'><strong>de</strong></span> <span class='ocrx_word' id='word_1_222' title='bbox 331 3549 448 3611; x_wconf 85' lang='lat' dir='ltr'><strong>AEneae</strong></span> <span class='ocrx_word' id='word_1_223' title='bbox 474 3548 640 3611; x_wconf 84' lang='lat' dir='ltr'><strong>natahhus</strong></span> <span class='ocrx_word' id='word_1_224' title='bbox 666 3568 710 3611; x_wconf 86' lang='lat' dir='ltr'><strong>ex</strong></span> <span class='ocrx_word' id='word_1_225' title='bbox 724 3546 865 3612; x_wconf 88' lang='lat' dir='ltr'><strong>Veneris</strong></span> <span class='ocrx_word' id='word_1_226' title='bbox 890 3551 923 3611; x_wconf 83' lang='lat' dir='ltr'><strong>et</strong></span> <span class='ocrx_word' id='word_1_227' title='bbox 946 3545 1105 3610; x_wconf 78' lang='lat' dir='ltr'><strong>Anchise</strong></span> <span class='ocrx_word' id='word_1_228' title='bbox 1129 3548 1226 3609; x_wconf 82' lang='lat' dir='ltr'><strong>con-&#39;</strong></span> 
     </span>
     <span class='ocr_line' id='line_1_29' title="bbox 99 3636 1208 3734; baseline -0.004 -20"><span class='ocrx_word' id='word_1_229' title='bbox 99 3670 216 3734; x_wconf 76' lang='lat' dir='ltr'><strong>gressu</strong></span> <span class='ocrx_word' id='word_1_230' title='bbox 230 3652 315 3716; x_wconf 85' lang='lat' dir='ltr'><strong>satis</strong></span> <span class='ocrx_word' id='word_1_231' title='bbox 329 3656 409 3715; x_wconf 85' lang='lat' dir='ltr'><strong>notu</strong></span> <span class='ocrx_word' id='word_1_232' title='bbox 429 3653 524 3713; x_wconf 86' lang='lat' dir='ltr'><strong>sunt:</strong></span> <span class='ocrx_word' id='word_1_233' title='bbox 547 3636 617 3713; x_wconf 85' lang='lat' dir='ltr'><strong>vid.</strong></span> <span class='ocrx_word' id='word_1_234' title='bbox 633 3648 733 3712; x_wconf 90' lang='lat' dir='ltr'><strong>Iliad.</strong></span> <span class='ocrx_word' id='word_1_235' title='bbox 751 3657 781 3725; x_wconf 75' lang='lat' dir='ltr'><strong>r,</strong></span> <span class='ocrx_word' id='word_1_236' title='bbox 796 3648 862 3712; x_wconf 76' lang='lat'><strong>214</strong></span> <span class='ocrx_word' id='word_1_237' title='bbox 877 3666 941 3731; x_wconf 88' lang='lat' dir='ltr'><strong>sq,</strong></span> <span class='ocrx_word' id='word_1_238' title='bbox 952 3649 1067 3729; x_wconf 86' lang='lat' dir='ltr'><strong>ibique</strong></span> <span class='ocrx_word' id='word_1_239' title='bbox 1092 3645 1208 3711; x_wconf 88' lang='lat' dir='ltr'><strong>Schoi.</strong></span> 
     </span>
     <span class='ocr_line' id='line_1_30' title="bbox 101 3747 1208 3835; baseline -0.006 -18"><span class='ocrx_word' id='word_1_240' title='bbox 101 3771 146 3818; x_wconf 81' lang='lat' dir='ltr'><strong>ex</strong></span> <span class='ocrx_word' id='word_1_241' title='bbox 161 3751 337 3829; x_wconf 85' lang='lat' dir='ltr'><strong>Acusilao‚</strong></span> <span class='ocrx_word' id='word_1_242' title='bbox 355 3751 479 3835; x_wconf 90' lang='lat' dir='ltr'><strong>Hymn.</strong></span> <span class='ocrx_word' id='word_1_243' title='bbox 501 3753 534 3814; x_wconf 90' lang='lat' dir='ltr'><strong>in</strong></span> <span class='ocrx_word' id='word_1_244' title='bbox 549 3751 724 3825; x_wconf 89' lang='lat' dir='ltr'><strong>Venerem,</strong></span> <span class='ocrx_word' id='word_1_245' title='bbox 741 3754 774 3813; x_wconf 82' lang='lat' dir='ltr'><strong>et</strong></span> <span class='ocrx_word' id='word_1_246' title='bbox 799 3749 887 3812; x_wconf 84' lang='lat' dir='ltr'><strong>cons.</strong></span> <span class='ocrx_word' id='word_1_247' title='bbox 903 3747 1060 3832; x_wconf 90' lang='lat' dir='ltr'><strong>Apollod.</strong></span> <span class='ocrx_word' id='word_1_248' title='bbox 1081 3748 1208 3824; x_wconf 75' lang='lat'>111,12,</span> 
     </span>
     <span class='ocr_line' id='line_1_31' title="bbox 102 3848 1209 3931; baseline -0.008 -12"><span class='ocrx_word' id='word_1_249' title='bbox 102 3853 124 3919; x_wconf 79' lang='lat'>2</span> <span class='ocrx_word' id='word_1_250' title='bbox 150 3874 226 3918; x_wconf 91' lang='lat' dir='ltr'><strong>cum</strong></span> <span class='ocrx_word' id='word_1_251' title='bbox 241 3852 356 3929; x_wconf 89' lang='lat' dir='ltr'><strong>Notis,</strong></span> <span class='ocrx_word' id='word_1_252' title='bbox 371 3859 404 3917; x_wconf 90' lang='lat' dir='ltr'><strong>et</strong></span> <span class='ocrx_word' id='word_1_253' title='bbox 428 3851 597 3916; x_wconf 84' lang='lat' dir='ltr'><strong>Meziriac.</strong></span> <span class='ocrx_word' id='word_1_254' title='bbox 621 3852 665 3915; x_wconf 92' lang='lat' dir='ltr'><strong>ad</strong></span> <span class='ocrx_word' id='word_1_255' title='bbox 688 3849 787 3913; x_wconf 90' lang='lat' dir='ltr'><strong>Ovid.</strong></span> <span class='ocrx_word' id='word_1_256' title='bbox 804 3849 943 3914; x_wconf 88' lang='lat' dir='ltr'><strong>Heroid.</strong></span> <span class='ocrx_word' id='word_1_257' title='bbox 958 3849 1000 3915; x_wconf 93' lang='lat' dir='ltr'><strong>P.</strong></span> <span class='ocrx_word' id='word_1_258' title='bbox 1017 3867 1058 3925; x_wconf 90' lang='lat'><strong>11,</strong></span> <span class='ocrx_word' id='word_1_259' title='bbox 1073 3870 1107 3931; x_wconf 92' lang='lat' dir='ltr'><strong>p.</strong></span> <span class='ocrx_word' id='word_1_260' title='bbox 1123 3848 1209 3926; x_wconf 77' lang='lat'><strong>1423</strong></span> 
     </span>
     <span class='ocr_line' id='line_1_32' title="bbox 104 3946 1209 4038; baseline -0.007 -20"><span class='ocrx_word' id='word_1_261' title='bbox 104 3954 366 4019; x_wconf 86' lang='lat' dir='ltr'><strong>commemorabo</strong></span> <span class='ocrx_word' id='word_1_262' title='bbox 381 3955 516 4037; x_wconf 88' lang='lat' dir='ltr'><strong>reliqua,</strong></span> <span class='ocrx_word' id='word_1_263' title='bbox 532 3955 655 4038; x_wconf 43' lang='lat' dir='ltr'><strong>partim,</strong></span> <span class='ocrx_word' id='word_1_264' title='bbox 669 3954 780 4016; x_wconf 88' lang='lat' dir='ltr'><strong>minus</strong></span> <span class='ocrx_word' id='word_1_265' title='bbox 796 3953 908 4029; x_wconf 84' lang='lat' dir='ltr'><strong>obvia,</strong></span> <span class='ocrx_word' id='word_1_266' title='bbox 918 3952 1043 4036; x_wconf 83' lang='lat' dir='ltr'><strong>purtim</strong></span> <span class='ocrx_word' id='word_1_267' title='bbox 1064 3948 1107 4012; x_wconf 92' lang='lat' dir='ltr'><strong>ad</strong></span> <span class='ocrx_word' id='word_1_268' title='bbox 1130 3946 1209 4012; x_wconf 87' lang='lat' dir='ltr'><strong>Vir-</strong></span> 
     </span>
     <span class='ocr_line' id='line_1_33' title="bbox 107 4048 790 4148; baseline -0.007 -27"><span class='ocrx_word' id='word_1_269' title='bbox 107 4056 259 4136; x_wconf 74' lang='lat' dir='ltr'><strong>gilianum</strong></span> <span class='ocrx_word' id='word_1_270' title='bbox 273 4076 404 4120; x_wconf 87' lang='lat' dir='ltr'><strong>carmen</strong></span> <span class='ocrx_word' id='word_1_271' title='bbox 418 4057 555 4139; x_wconf 88' lang='lat' dir='ltr'><strong>propius</strong></span> <span class='ocrx_word' id='word_1_272' title='bbox 567 4055 762 4148; x_wconf 76' lang='lat' dir='ltr'><strong>spectantia.</strong></span> <span class='ocrx_word' id='word_1_273' title='bbox 788 4048 790 4053; x_wconf 49' lang='lat'><strong>⁴</strong></span> 
     </span>
    </p>

    <p class='ocr_par' dir='ltr' id='par_1_8' title="bbox 148 4147 1210 4243">
     <span class='ocr_line' id='line_1_34' title="bbox 148 4147 1210 4243; baseline -0.011 -19"><span class='ocrx_word' id='word_1_274' title='bbox 148 4158 288 4224; x_wconf 84' lang='lat' dir='ltr'><strong>AEneam</strong></span> <span class='ocrx_word' id='word_1_275' title='bbox 305 4155 475 4242; x_wconf 58' lang='lat' dir='ltr'><strong>Tranium</strong></span> <span class='ocrx_word' id='word_1_276' title='bbox 489 4157 707 4243; x_wconf 87' lang='lat' dir='ltr'><strong>appeliatum,</strong></span> <span class='ocrx_word' id='word_1_277' title='bbox 721 4154 834 4242; x_wconf 67' lang='lat' dir='ltr'><strong>&#39;l&#39;rojae</strong></span> <span class='ocrx_word' id='word_1_278' title='bbox 849 4173 981 4240; x_wconf 89' lang='lat' dir='ltr'><strong>quoque</strong></span> <span class='ocrx_word' id='word_1_279' title='bbox 1001 4147 1126 4215; x_wconf 81' lang='lat' dir='ltr'><strong>domum</strong></span> <span class='ocrx_word' id='word_1_280' title='bbox 1138 4147 1210 4237; x_wconf 70' lang='lat' dir='ltr'><strong>An-</strong></span> 
     </span>
    </p>
   </div>
   <div class='ocr_carea' id='block_1_6' title="bbox 0 0 1343 4686">
    <p class='ocr_par' dir='ltr' id='par_1_9' title="bbox 0 0 1343 4686">
     <span class='ocr_line' id='line_1_35' title="bbox 0 0 1343 4686; baseline 0 0"><span class='ocrx_word' id='word_1_281' title='bbox 0 0 1343 4686; x_wconf 95' lang='lat' dir='ltr'><strong> </strong></span> 
     </span>
    </p>
   </div>
  </div>
 </body>
</html>
