2664 4686
454 338 507 387 sn
529 338 701 389 suurnos
725 341 799 389 nm.
821 342 877 392 111.
1105 331 1195 399 41⁶1

92 480 312 562 ‘Quinetiam
338 484 484 569 hyberno
517 486 646 550 moliris
673 487 779 551 sidere
806 489 960 568 classem,
998 492 1043 557 Et
1073 497 1193 562 mediis

92 604 254 669 properas
267 584 488 669 Aquilonibus
501 590 549 652 ire
561 608 622 671 per
635 588 759 653 altum.’
803 590 916 656 Facile
929 612 971 657 ex
986 594 1039 658 his
1058 597 1194 680 colligat

92 684 226 770 aliquis,
250 688 400 772 hyemem
423 689 514 772 apud
539 690 706 754 Didonem
727 690 830 755 fuisse
854 700 1020 772 exactam,
1042 715 1104 760 nec
1126 699 1194 763 nisi

92 794 254 871 sequente
265 808 343 853 vere
355 790 432 854 hinc
446 789 641 855 discessisse
654 791 826 874 'lhojanos
869 792 910 856 In
935 797 1109 862 astruenda
1128 799 1193 864 hac

92 904 124 953 ln
135 889 262 953 multus
274 896 327 954 est
341 890 512 972 Bargaeus.
549 890 594 955 V.
608 891 666 956 Jo.
683 892 788 956 Micb.
803 893 896 958 Bmti
911 894 998 979 Epp.
1014 897 1066 962 cl.
1080 898 1192 966 Viror.

92 990 185 1071 p-7h
197 1008 273 1073 sqq.
316 990 437 1055 Possis
458 993 570 1069 ctiam,
584 992 673 1075 quod
694 994 762 1071 alii,
777 1012 809 1058 v.
826 1014 857 1059 c.
876 993 1042 1077 Catroeus,
1055 998 1193 1081 faciunt,

92 1089 136 1155 lta
147 1095 306 1169 statuere,
319 1093 382 1156 sub
397 1093 473 1157 anni
488 1095 667 1177 superioris
689 1097 815 1159 exitum
835 1098 975 1162 AEueam
995 1100 1038 1163 ad
1052 1098 1193 1168 Germe-

92 1189 198 1273 giuarn
227 1194 412 1257 accessisse
440 1194 553 1277 ibique
581 1195 731 1279 hyemem
760 1199 923 1280 exegisse.
981 1200 1049 1265 Sed
1077 1209 1193 1269 neuun

92 1288 205 1363 haurn
217 1292 411 1377 opinionum
424 1293 674 1361 difficultatibus
686 1303 787 1363 caret.
833 1297 869 1362 N
869 1319 924 1364 am
940 1302 990 1365 sic
1009 1301 1113 1385 pocta
1125 1305 1192 1370 sibi

92 1390 155 1477 ipsi
184 1392 420 1472 adversaretur,
449 1397 507 1478 qui
536 1395 663 1478 uptimc
691 1407 796 1461 estate
823 1398 971 1465 Africam
998 1402 1131 1484 adiisse,
1158 1411 1193 1470 et

92 1491 217 1577 leptim
230 1504 335 1559 astate
347 1498 425 1561 item
439 1497 589 1562 Siciliam
603 1499 775 1581 repetiisse
789 1500 912 1567 diceret
924 1523 996 1581 eos,
1013 1505 1070 1586 qui
1085 1504 1192 1571 diver·

92 1594 136 1661 r‘m
156 1600 270 1661 tamen
294 1598 390 1661 annis
413 1597 479 1663 hoc
504 1603 538 1662 et
560 1598 641 1663 illud
665 1597 830 1665 fecissent.
874 1601 951 1667 Nec
965 1604 1053 1679 loca,
1069 1604 1191 1686 quibus

92 1691 193 1782 hyena
215 1705 424 1777 noratur,
448 1699 636 1763 necessario
659 1698 703 1763 ad
730 1700 878 1765 brumale
899 1707 1031 1786 tempus
1056 1702 1190 1770 ducunt.

92 1794 155 1861 hed
167 1799 369 1882 primoloco
382 1799 424 1863 de
442 1804 636 1883 tempestate
658 1801 777 1882 agitur,
802 1821 871 1884 qua
890 1801 1016 1867 AEneas
1040 1803 1084 1868 ad
1107 1790 1191 1870 Gar·
1274 1787 1277 1791 ’

92 1895 254 1983 thginem
266 1900 373 1965 fuerat
385 1901 566 1985 appulsus3
588 1906 640 1965 est
660 1901 746 1965 enim
767 1900 839 1965 dies
855 1904 901 1967 ab
914 1902 1059 1968 adventu
1071 1924 1190 1970 wenn-

92 1996 171 2082 Ιιις
192 2020 303 2084 mque
325 2004 427 2069 altero
449 2002 525 2067 loco
547 2003 661 2087 hyems
686 2002 783 2067 aliter
806 2002 1012 2086 accipienda,
1027 2024 1127 2087 quam
1148 2005 1190 2070 de

92 2106 235 2187 turpare
248 2104 443 2187 procelloso,
459 2103 560 2186 quod,
576 2102 674 2186 quale
695 2100 803 2181 suerit,
822 2104 918 2167 tertio
938 2105 1015 2168 loco
1036 2111 1190 2187 apparet,

92 2199 224 2290 lydum
237 2203 335 2269 cidere
349 2211 384 2270 et
399 2203 627 2290 Aquilonibu15
641 2205 700 2287 qni
714 2223 788 2267 esse
807 2209 947 2286 possunt
962 2205 1011 2268 illi
1027 2206 1095 2288 ipsi
1109 2206 1190 2271 stati

92 2308 189 2385 ruiti,
203 2308 317 2373 etosiae
333 2307 426 2384 dicti,
441 2325 527 2388 quos
541 2305 645 2388 paulo
668 2310 743 2369 ante
762 2303 808 2366 ad
832 2322 864 2367 a·
879 2304 901 2367 l
919 2304 1029 2369 medio
1046 2303 1141 2371 Julio
1154 2312 1189 2373 et

92 2404 242 2491 Angusto
255 2409 335 2473 flere
355 2407 512 2472 diximus.
543 2405 597 2470 Cf.
614 2404 695 2470 Not.
711 2404 755 2469 ad
772 2420 798 2482 1,
812 2405 889 2469 539.
933 2403 1043 2469 Etiam
1058 2406 1118 2472 lib.
1135 2425 1188 2489 rv,

92 2508 166 2586 m,
177 2508 246 2574 480
259 2513 270 2542 ‘
284 2514 463 2573 extreu'mm
478 2510 542 2571 boc
556 2508 689 2570 miserae
697 2506 754 2570 det
762 2526 881 2570 munus
896 2508 1040 2572 amanti:
1056 2507 1189 2592 Expec-

92 2614 132 2674 et
141 2609 342 2692 mollemque
354 2609 478 2691 fugam,
492 2614 674 2690 ventosque
688 2606 851 2671 serentes?
878 2606 952 2672 Nec
970 2604 1073 2672 Orion
1086 2609 1145 2673 lib.
1162 2627 1188 2688 1,

92 2710 161 2777 ew.
195 2728 246 2789 ιν,
266 2713 310 2776 52
332 2713 433 2776 aliam
459 2728 559 2792 quam
583 2710 784 2791 tempestatis
807 2715 889 2773 ortae
917 2708 1189 2791 significationem

92 2810 196 2877 labet.
217 2810 271 2876 Cf.
288 2811 381 2877 Serv.
395 2811 439 2876 ad
454 2828 489 2887 V,
501 2811 579 2887 626,
591 2815 625 2873 et
639 2807 781 2873 Cordum
794 2808 882 2875 ade.
897 2810 921 2876 l.

126 2912 239 2978 Solvit
250 2914 349 2996 igitur
362 2913 489 2976 AEneas
504 2909 721 2991 Carthagin03
744 2915 842 2976 vento
863 2914 972 2974 nmen
993 2912 1189 2979 adversante

92 3032 218 3079 nusum
230 3035 346 3080 versus
360 3014 493 3079 ltaliam
506 3030 573 3076 non
586 3017 685 3087 tenet,
700 3010 758 3073 sed
772 3009 817 3074 ad
832 3011 959 3075 Siciliae
972 3013 1083 3078 littora
1097 3015 1189 3078 dela-

92 3122 138 3181 tus
157 3117 250 3202 apud
274 3117 413 3200 Erycem
437 3117 552 3180 itemm
577 3115 610 3177 iu
633 3118 751 3177 terram
771 3111 928 3188 escendit,
945 3112 1003 3175 lib.
1019 3128 1054 3189 v,
1069 3114 1187 3181 1—34.

92 3214 155 3281 Hic
169 3219 413 3282 anniversarias
427 3218 534 3300 patris
548 3213 707 3279 Anchisae
728 3213 889 3278 Manibus
909 3213 1042 3279 inferias
1060 3215 1143 3280 lacit
1155 3219 1189 3282 et

92 3314 180 3382 ludos
194 3319 346 3383 funebres
360 3319 502 3382 instituit
517 3334 552 3394 ν,
567 3315 728 3381 35-603.
772 3314 939 3397 Tempora
956 3333 1000 3378 ex
1021 3314 1074 3378 his
1094 3316 1188 3381 colli·

92 3436 142 3499 gns
161 3438 196 3482 v.
213 3421 259 3486 46
282 3419 448 3484 ‘Annuus
471 3419 601 3482 exactis
623 3418 804 3499 completur
825 3416 993 3480 mensibus
1016 3416 1129 3494 orbis,’
1153 3426 1188 3485 et

92 3518 149 3587 m
162 3524 174 3554 ‘
187 3521 340 3604 Septima
354 3527 431 3605 post
444 3520 558 3603 Trojae
573 3520 740 3584 excidium
751 3521 822 3604 jam
841 3520 976 3583 vertitm
993 3517 1101 3585 eses’
1121 3527 1186 3588 etc.

92 3616 213 3687 luteres
227 3622 386 3705 Trojanse
402 3624 553 3686 mulieres
567 3622 656 3702 longi
677 3623 793 3686 erroris
815 3621 917 3686 taedio
939 3622 1048 3693 viche,
1063 3628 1099 3685 ut
1116 3630 1186 3687 tan-

94 3718 158 3788 dem
173 3726 209 3788 in
225 3724 341 3788 Sicilia
354 3722 592 3788 considendum
605 3728 704 3799 esset,
728 3723 869 3786 classem
888 3721 1081 3801 incendunt3
1105 3742 1187 3805 qua·

95 3824 160 3889 tuor
185 3843 289 3888 naves
316 3824 512 3901 combustae,
538 3824 674 3905 reliquae
702 3828 877 3904 reparate.
933 3818 1020 3884 Tum
1050 3823 1186 3903 AEueas,

97 3923 199 3989 relicta
229 3926 318 4010 apud
348 3926 509 4015 Acesten
530 3928 686 3990 comitum
718 3929 823 4006 parte,
848 3924 905 4008 qni
931 3922 1100 4004 AEgcstam
1127 3943 1187 3988 seu

100 4018 259 4107 Bagesum
279 4027 434 4104 incolant,
458 4047 534 4092 cum
558 4027 690 4091 meliore
712 4032 806 4109 parte
827 4044 928 4091 naves
950 4025 1048 4088 solvit
1070 4042 1187 4089 versus

103 4116 221 4193 lhliam
247 4133 282 4194 et
306 4128 372 4194 hec
399 4130 476 4213 ipsa
501 4134 619 4196 aesmts
646 4127 806 4194 'liberine
832 4129 919 4194 ostia
945 4127 1126 4191 subvectus
1151 4125 1187 4190 in
