2692 4974
116 647 205 715 laea
531 658 733 712 nxcuesus
755 661 814 710 ru.
855 642 861 654 '

117 809 273 884 Proeam,
293 804 426 890 Capyn,
442 805 664 882 Numitorem,
687 810 722 870 et
741 804 895 889 Sylrinm
912 802 1077 869 M:
1097 800 1156 869 n.
1168 814 1209 883 vl,

116 911 300 987 760-770,
316 911 454 990 repetito
470 908 576 992 Sylvii
589 908 734 985 nomine,
748 903 1022 990 qumdoqmrnm
1041 923 1144 969 αιιιια
1154 924 1211 992 erg·

118 1020 257 1074 nomento
281 1008 383 1094 Sylvii
406 1031 499 1092 arque
518 1007 561 1069 cd
580 1006 737 1071 condilum
754 1003 887 1071 Remum
902 1001 996 1069 Alea
1008 1014 1213 1090 regom,

117 1123 152 1177 ret
180 1121 222 1172 est
249 1111 396 1193 scriptum
428 1109 550 1175 ΑιιιιαΙ.
584 1106 771 1194 Pontifirol.
800 1105 857 1173 lit.
895 1122 933 1172 lv
972 1107 1067 1190 apud
1102 1106 1214 1175 Viciae.

118 1211 160 1276 0.
175 1212 219 1277 G.
235 1212 279 1275 R.
295 1213 347 1276 17.
391 1211 505 1277 Etiam
524 1209 658 1299 Tybris,
682 1213 740 1294 qui
754 1212 830 1274 aliis
844 1208 1035 1288 Tiberinus,
1049 1214 1127 1274 ante
1138 1207 1214 1275 Idi·

117 1332 195 1379 num
211 1321 332 1392 tamem
346 1320 546 1378 memoratur
557 1314 618 1377 lib.
636 1313 800 1390 v111,330
815 1296 925 1376 ‘Tum
938 1330 1048 1394 reges,
1066 1326 1214 1394 asperque

117 1417 255 1480 immani
270 1435 411 1499 corpore
426 1416 567 1500 Tybris:
591 1414 625 1478 A
648 1435 714 1499 quo
738 1422 817 1498 post
842 1413 920 1477 Itali
942 1413 1085 1478 fluuium
1109 1422 1215 1494 cepo

117 1516 206 1580 mine
221 1514 359 1600 Tybrim
375 1517 555 1582 Diximus:
580 1516 691 1580 amisit
705 1535 819 1579 verum
832 1520 929 1578 retus
945 1508 1215 1578 Albula-nomm’

119 1618 226 1683 Vetus
238 1619 312 1684 haec
328 1618 392 1682 fuit
406 1618 678 1683 commemoratio
702 1616 744 1680 de
763 1615 894 1680 'liberis
915 1615 1073 1693 nomine3
1095 1614 1137 1679 L.
1151 1611 1216 1678 Giu-

119 1722 207 1785 cium
232 1729 266 1787 et
290 1721 333 1800 Q.
360 1722 529 1786 Lutatium
544 1719 699 1784 Catulum
712 1723 877 1782 auctorem
892 1718 1023 1780 excitat
1044 1716 1165 1781 Victor
1183 1713 1216 1779 0.

119 1820 165 1886 G.
181 1821 226 1886 R.
242 1822 297 1900 18,
326 1822 371 1885 ad
393 1841 507 1884 eorum
532 1821 649 1883 saltem
673 1817 784 1895 fidem,
810 1835 894 1900 quos
916 1815 1021 1881 homo
1041 1817 1216 1900 exscripsit
1257 1892 1260 1913 4

120 1921 174 1986 cf.
191 1922 333 2006 Dionys.
350 1938 375 1999 1,
390 1922 445 1986 71.
490 1921 529 1985 Si
553 1919 728 2004 Syncellus
752 1940 788 2002 p.
814 1919 879 1983 171
908 1926 1032 1983 eante
1056 1938 1095 1983 se
1117 1916 1219 1983 babuit
1258 1916 1260 1933 '

120 2031 289 2089 auctorem
314 2031 468 2099 veterem,
492 2041 674 2104 cognomen
704 2018 826 2084 Albani
854 2020 927 2104 jam
957 2018 1124 2085 Saturnus
1148 2021 1219 2084 aa

120 2124 260 2189 {annos
274 2125 400 2187 habuit.
444 2121 500 2186 Ab
524 2121 615 2186 Alba
637 2141 783 2205 quoque,
803 2127 960 2204 tanquan
972 2121 1220 2207 pllsoo'l'ibuis
1258 2118 1260 2141 '

119 2225 261 2300 nomine,
285 2220 407 2287 Albam
423 2223 585 2304 Longam,
607 2224 671 2286 etsi
685 2223 767 2287 satis
779 2222 876 2304 longe
888 2241 911 2285 a
924 2218 1046 2287 'liberi
1058 2233 1220 2298 rametam,

119 2344 240 2389 nomen
255 2325 430 2406 accepisse
444 2323 645 2387 tradiderant
659 2323 818 2400 nonnulli,
832 2328 870 2386 nt
883 2343 930 2387 ex
944 2316 1102 2389 madero
1117 2322 1220 2388 Siculo

121 2426 297 2509 Syncellus
312 2445 345 2506 p.
361 2424 426 2489 194
442 2441 462 2488 c
476 2425 616 2488 notavit.

162 2528 323 2604 Tandem,
348 2531 386 2590 ut
411 2527 582 2610 superiora
604 2526 735 2590 facilius
758 2526 869 2590 animo
890 2525 1171 2608 comprehendere
1188 2526 1222 2590 li·

121 2634 207 2704 ceat,
234 2636 335 2712 utque
358 2635 571 2711 pertexamus
592 2646 749 2691 annorum
770 2645 872 2709 supra
892 2625 958 2690 Το.
980 2641 1009 2695 ιι
1035 2624 1180 2691 Excurs.
1199 2642 1221 2690 ιι

121 2728 166 2793 ad
180 2731 239 2793 lib.
257 2746 299 2792 ιιι
317 2731 504 2794 inchoatam
518 2729 647 2805 seriem,
674 2728 790 2811 paucis
809 2728 995 2791 notationes
1013 2728 1223 2813 subjiciemus

121 2835 316 2913 temporum,
343 2828 387 2893 ad
413 2849 489 2912 quae
516 2849 569 2920 res
590 2830 664 2893 istae
686 2828 833 2891 revocari
854 2828 972 2892 solent.
1017 2826 1224 2893 Omninono·

121 2932 264 2997 tationes
278 2931 355 2995 illas
370 2932 582 3012 scriptorum,
606 2932 666 3011 qui
688 2929 800 2993 multis
822 2938 900 3012 post
922 2930 1062 2994 saeculis
1074 2932 1223 3014 antiquas

121 3051 174 3098 res
196 3033 393 3097 constinrere
408 3033 551 3096 eternis
567 3031 658 3094 finire
673 3033 855 3109 voluerunt,
882 3051 986 3115 opera
1005 3032 1116 3098 iactes
1129 3041 1224 3100 stetu

121 3135 242 3199 endum
257 3140 325 3197 est:
347 3153 424 3196 uam
438 3131 597 3216 πατρόδοτα
612 3134 683 3212 illa,
699 3140 732 3197 et
746 3155 804 3217 per
818 3135 946 3216 aliquot
959 3135 1163 3201 saeculorum
1175 3137 1224 3201 de

122 3252 256 3297 cursum
280 3240 410 3315 patrum
435 3237 620 3298 narratione
645 3235 688 3298 ad
713 3236 938 3316 posteritatem
962 3237 1173 3314 transmissa,
1194 3241 1225 3300 et

121 3343 256 3419 propter
268 3341 330 3400 hoc
347 3338 459 3419 ipsum
473 3337 506 3400 iu
520 3343 588 3401 tam
602 3338 715 3402 multis
728 3339 867 3414 variata,
894 3338 953 3400 rix
969 3338 1067 3401 annis
1081 3339 1152 3403 suis
1164 3343 1224 3401 tam

122 3446 274 3503 accurate
289 3440 416 3520 alligari
432 3439 505 3523 jam
529 3444 597 3502 tum
621 3443 770 3521 potuere,
795 3457 872 3500 cum
897 3437 1044 3519 primum
1067 3456 1090 3501 a
1111 3436 1223 3522 priscis

121 3540 309 3603 bominibus
333 3546 467 3604 narrata
491 3546 578 3603 suut.
624 3539 745 3621 Neque
768 3538 852 3602 adeo
875 3538 986 3602 mirari
1008 3538 1178 3617 debemus,
1197 3536 1223 3599 si

122 3639 184 3704 bos
199 3641 291 3722 ipsos
307 3659 413 3703 annos
428 3640 606 3703 fluctuante
623 3640 802 3703 admodum
816 3640 882 3704 fide
893 3644 928 3702 et
938 3642 1139 3706 auctoritate
1152 3656 1223 3704 con·

122 3741 255 3803 stitutos
269 3739 459 3802 viderimus.
482 3737 504 3802 J
507 3747 588 3804 uvat
601 3748 710 3804 tamen
723 3744 867 3806 rationes
881 3761 922 3805 ac
934 3742 1058 3807 modos
1068 3740 1221 3826 persequi,

123 3841 245 3921 quibus
259 3839 332 3903 haec
347 3840 484 3921 digessit
498 3844 707 3907 subtiliorum
721 3845 915 3926 scriptorum
929 3842 1113 3926 diligentia.

167 3940 257 4004 Inter
270 3942 343 4005 lraec
357 3942 543 4020 tenendum,
563 3944 651 4033 quod
666 3947 845 4027 scriptores
859 3946 957 4009 tertio
971 3947 1017 4009 ab
1031 3947 1151 4010 exciso
1163 3943 1219 4009 Ilio

123 4059 207 4105 auno
221 4043 344 4107 factum
359 4045 460 4122 aiunt,
475 4051 513 4109 ut
525 4044 651 4109 AEueas
664 4046 707 4109 ad
722 4045 855 4109 Italiam
869 4047 1063 4125 accesserit,
1076 4047 1139 4111 boe
1152 4043 1218 4108 Vir·

123 4142 237 4225 gilium
252 4147 285 4208 in
299 4147 477 4230 septimum
493 4147 636 4231 rejicere,
663 4148 698 4211 id
720 4146 813 4230 quod
834 4166 937 4230 supra
951 4146 1038 4213 Exc.
1058 4165 1088 4213 ιι
1112 4145 1215 4213 adlib.

124 4261 169 4309 ιιι
184 4246 337 4311 vidimus.
382 4248 501 4330 Itaque
623 4276 630 4284 ·

252 4369 286 4414 a.
302 4367 335 4413 c.
353 4366 389 4413 u.
405 4349 503 4414 1178.
549 4349 658 4415 Ειιοι.
674 4350 792 4414 AEneaa
807 4351 840 4414 7.
875 4428 880 4435 ¹

122 4447 195 4515 Sub
209 4451 338 4516 astaus
350 4449 490 4528 exitum
504 4450 548 4516 ud
562 4448 696 4534 Virgilii
707 4455 859 4529 mentem,
874 4449 1012 4535 Troiani
1027 4452 1164 4518 classem
1176 4441 1208 4511 ed
