2664 4686
104 275 196 345 teet
525 289 726 343 ucuaaua
746 292 789 343 n.

107 433 1200 521 dehojaneruminlatiumadrertrimem‘nierutmnoratimag

107 539 301 623 piflumue
321 539 525 622 simpliciter,
547 540 1098 623 momenmentum,
1118 541 1202 604 Μ

109 639 245 706 Quone
269 641 325 717 to,
349 641 405 705 ubi
431 638 518 725 λόγος
543 640 621 716 eires
644 641 871 722 ωιμέξιπιι,
894 642 970 707 eive
994 640 1117 706 cmm
1139 644 1204 707 aive

110 740 398 829 mumadjecia
422 745 996 829 tritnmeeaefabuhrnrigniticans
1042 742 1207 808 Senum

107 843 463 911 divmumninmensae
478 849 625 923 materia,
640 843 1206 930 qunaliinmlibumaedapiun

107 945 211 1063 imese
223 948 435 1015 tradiderunt
479 948 618 1032 Dionys
635 963 661 1027 r,
682 944 1209 1073 &utriunquenarrationiataeit

107 1249 231 1339 sepino,
255 1253 441 1342 zaiafbrm
466 1257 530 1328 ταῖς
552 1257 672 1340 τροφαῖς
699 1253 791 1319 ἕνεκα.
834 1255 946 1321 Etiam
971 1256 1077 1331 Dio·
1067 1275 1104 1321 ut
1127 1254 1205 1323 Exc.

109 1351 229 1423 Vtiles,
242 1379 276 1422 n·
292 1374 335 1421 111
351 1354 490 1442 τραπέζας
505 1356 643 1430 athrim
655 1354 742 1430 ὦσας
754 1365 912 1422 memorat
924 1355 942 1434 i
956 1360 989 1418 ὲκ
1011 1363 1073 1419 vir
1093 1371 1202 1443 ηψ-

108 1453 196 1544 ripen
217 1466 307 1547 μερῶν
327 1467 383 1522 τῶν
404 1461 516 1546 iqrm:
540 1459 706 1541 ignoravit
728 1459 798 1523 Dio
820 1465 879 1523 aut
895 1457 1022 1522 Tuetra
1041 1458 1201 1542 potiuaai

109 1556 276 1646 Ityoophr.
303 1562 402 1640 1232,
427 1560 514 1625 uude
534 1561 608 1626 htec
633 1579 655 1622 a
677 1558 817 1624 Veianio
841 1561 885 1624 ad
906 1560 1054 1624 Diouem
1074 1566 1205 1626 retracta

109 1667 197 1740 sunt,
209 1681 329 1746 panem
341 1664 464 1746 priscis
477 1661 666 1726 hominibus
689 1661 774 1725 nihil
792 1661 885 1726 aliud
905 1680 1007 1746 quam
1029 1662 1206 1727 cmstntm

108 1767 144 1825 et
161 1763 349 1846 placentam
369 1765 492 1846 inisee3
514 1765 676 1847 ignoravit
699 1783 834 1848 quoque
853 1760 971 1831 Victor
988 1763 1032 1828 0.
1048 1763 1097 1831 G.
1111 1764 1156 1831 R.
1167 1765 1206 1830 lo

110 1866 303 1928 ‘oomumto
318 1863 409 1947 quod
423 1864 530 1928 meret
541 1866 622 1942 cibi,
636 1868 899 1945 crustametiam
919 1866 961 1930 de
980 1866 1103 1932 sarreia
1123 1886 1207 1934 mea·

110 1965 170 2045 eie,
193 1984 279 2049 quas
292 1971 441 2030 sacratae
454 1984 569 2030 secum
579 1966 737 2045 habebat,
750 1964 967 2032 comedisse?
987 1975 1022 2032 et
1042 1968 1207 2035 Domitius

34 2080 36 2084 ·
110 2066 201 2150 apud
214 2065 327 2135 Annei
340 2066 471 2135 Victor.
485 2066 529 2132 Ο.
543 2066 588 2135 G.
605 2066 709 2133 R.l·2
732 2073 940 2135 ‘maumam
960 2071 1037 2135 vice
1062 2068 1208 2139 mnan

110 2168 179 2233 cibi
193 2172 300 2257 gratia
311 2171 438 2254 apium,
459 2171 557 2257 cujus
577 2172 727 2237 maxima
746 2177 819 2237 erat
831 2171 953 2236 ibidem
968 2171 1085 2254 eopia,
1109 2169 1209 2237 snm

111 2270 325 2351 substratum,
344 2273 433 2357 quod
455 2274 564 2356 ipsum
582 2274 761 2339 consumes
783 2273 861 2339 aliis
883 2272 1003 2337 eduliis
1023 2291 1086 2339 eoa
1106 2291 1210 2339 corne-

110 2372 211 2439 disae’
223 2380 287 2440 etc.
330 2374 567 2441 Diversitatem
580 2375 774 2439 narrationis
796 2381 875 2459 post
895 2379 945 2439 tot
966 2375 1083 2437 harum
1105 2391 1209 2440 rerunt

109 2476 144 2540 in
158 2477 380 2560 superioribus
393 2477 548 2560 exempla
559 2496 625 2542 uon
638 2476 739 2542 mode
752 2497 851 2561 aquo
864 2478 975 2542 auimo
993 2477 1078 2541 terre
1097 2476 1209 2543 didici·

109 2597 196 2657 mua,
210 2597 324 2642 verum
338 2578 448 2654 cuam,
472 2576 644 2659 quidinde
659 2585 827 2664 aequatur,
847 2578 1014 2663 quomodo
1029 2598 1051 2643 a
1063 2579 1209 2664 plenem

109 2680 180 2745 tela
200 2684 423 2761 argumentum
449 2678 634 2756 meatum,
660 2686 720 2744 ant
736 2681 901 2766 Jactatnm
923 2681 1210 2758 multoeermone,

111 2785 302 2864 quantaque
316 2778 392 2843 inde
406 2777 517 2862 po‘e'tae
529 2798 636 2849 terum
649 2783 751 2865 copia
765 2783 809 2849 ad
819 2803 952 2848 manum
966 2802 1041 2848 ease
1055 2783 1211 2861 debuerit,

112 2882 194 2948 satis
207 2881 363 2946 vidimus.
408 2880 508 2945 Hanc
533 2887 645 2946 tamen
668 2885 892 2952 diversitatem
915 2885 1074 2951 narrandi
1099 2885 1212 2952 admo-

112 2987 190 3052 dum
203 2984 339 3051 miratur
351 2983 503 3066 Toupiue
516 2984 552 3049 iu
564 2982 751 3052 Emendatt.
775 2988 811 3052 in
832 2986 970 3052 Suidam
991 2985 1034 3051 P.
1057 3002 1084 3064 ι,
1106 3006 1144 3069 p.
1161 2985 1210 3052 88.

111 3087 168 3167 39,
183 3106 325 3173 cumque
337 3087 421 3153 inter
435 3085 502 3150 ulia
514 3084 740 3170 placentarum
753 3108 881 3170 genera,
896 3107 972 3171 quae
984 3086 1117 3153 infinita
1126 3086 1215 3172 apud

112 3198 241 3260 ueteres
261 3194 347 3266 eunt,
377 3189 411 3251 in
426 3185 544 3263 σελῆνας
558 3189 744 3267 incidisset,
770 3210 848 3273 quae
869 3190 991 3255 lunatae
1014 3196 1049 3254 et
1071 3192 1212 3271 μηνοειδεῖς

112 3299 214 3372 eraut,
227 3299 332 3358 totum
346 3291 388 3357 de
402 3289 475 3374 apio
486 3298 705 3356 commentum
720 3297 846 3357 ‘ortum
858 3292 1013 3356 habuisse
1023 3312 1068 3356 ex
1081 3313 1219 3378 corrup.

113 3402 149 3460 ta
162 3395 221 3459 illa
235 3394 374 3457 lectione
387 3391 538 3457 historici
553 3392 693 3477 alicujus
708 3395 841 3472 veteris,
866 3412 967 3476 quem
980 3393 1147 3458 bonafide
1159 3414 1213 3460 ex·

111 3494 219 3559 hibuit
241 3493 320 3570 Dio,
345 3489 485 3576 τραπέζας
511 3490 659 3565 annatim.
702 3492 807 3578 Atqui
831 3495 972 3577 scriptor
999 3493 1216 3577 iste-procul

113 3595 218 3661 dubio
246 3594 381 3659 dederat
409 3590 547 3679 τραπέζας
577 3592 726 3670 σεληναίας
739 3595 758 3659 :'
794 3594 958 3678 conjectat
984 3593 1156 3675 ingeniose
1183 3598 1216 3659 oi

113 3698 216 3780 scite3
237 3716 297 3762 nec
311 3703 419 3762 tamen
432 3717 519 3761 vere.
564 3697 651 3761 Sane
666 3697 799 3781 quidem
812 3697 934 3780 plures,
959 3693 1097 3759 Italicas
1117 3696 1216 3780 inpri-

112 3799 189 3879 mia,
211 3798 343 3867 fabulas
367 3819 390 3862 a
410 3801 586 3864 verborum
611 3797 824 3863 similitudine
849 3798 969 3861 ductes
992 3813 1090 3858 nemo
1111 3798 1216 3879 neget.

116 3901 194 3967 Hoc
208 3903 317 3988 ipsum
337 3900 379 3965 de
397 3904 521 3966 mensis
546 3902 702 3967 comestis
724 3900 917 3965 vaticinium
942 3899 1121 3963 verborum
1144 3899 1217 3963 luau

112 4007 268 4072 contineri
297 4022 398 4089 supra
427 4003 590 4086 vidimus3
625 4006 660 4068 et
687 4000 828 4066 aliorum
854 4019 988 4085 qnoque
1015 3999 1213 4085 popinonum
