2664 4686
282 290 333 343 nn
350 292 528 345 murinus
552 295 626 347 mr.
648 296 699 347 vr.
956 283 1045 353 ω)

86 459 96 504 r
122 459 222 522 regno
255 439 389 524 judices
421 441 620 506 constitutos
650 458 725 505 esso
756 438 922 525 suspicari
952 446 1041 514 licet.
1107 482 1111 489 ·

94 562 175 607 vero
200 544 334 609 ultimus
362 544 516 620 accessit,
544 542 626 606 forte
651 544 693 607 ab
720 541 904 609 Homerico
930 546 1043 632 aliquo

86 649 260 727 irrogatus,
285 645 321 707 in
335 643 478 709 Achillis
491 644 656 723 honorem,
671 647 767 730 cujus
782 665 865 710 evus
877 653 948 728 erat
960 651 1042 715 AEn·

85 765 107 808 n
120 744 274 809 Axiocho
292 745 360 810 duo
384 752 510 809 tuntum
535 748 569 809 in
593 744 722 830 Campo
743 744 903 811 Veritatis
927 751 1043 818 sedent

97 845 210 909 Minos
225 852 258 909 et
273 845 564 928 Rhodamnnthns3
596 855 631 911 nt
650 848 685 910 in
709 846 834 930 Gorgia
856 847 907 932 (p.
922 849 988 915 357
1003 869 1040 917 A.

86 949 139 1031 ph.
154 969 189 1031 p.
204 950 269 1012 524
285 945 339 1031 n.)
352 955 437 1012 tres:
469 947 616 1013 Asianos
639 947 773 1032 quidem
792 950 925 1034 judicat
948 950 1041 1017 Rha·

86 1069 144 1128 rus,
165 1048 350 1133 Europaeos
370 1050 511 1127 AEacus‚
536 1048 648 1114 Minos
666 1055 777 1114 numm
790 1048 975 1136 hstraxptm,
989 1073 1041 1118 re-

86 1152 109 1217 it
122 1157 155 1216 et
168 1153 251 1232 regit
269 1151 398 1235 judicia
419 1153 554 1215 istorum
566 1172 575 1230 3
609 1158 643 1216 et
657 1152 691 1214 in
705 1150 851 1235 Apolog.
865 1152 959 1220 Socr.
974 1156 1038 1220 sub

86 1254 176 1317 ribus
190 1254 258 1316 illis
272 1253 495 1336 Triptolemus
508 1260 541 1318 ct
555 1254 613 1318 alii
628 1253 756 1333 heroes,
772 1255 830 1337 qni
840 1256 931 1339 juste
945 1257 1039 1322 vixe-

86 1353 161 1418 licia
174 1355 257 1418 inter
270 1356 398 1418 animas
411 1361 575 1420 exercent.
1024 1410 1029 1419 .

86 1457 147 1520 lros
166 1476 278 1520 omnes
301 1476 389 1521 nova
405 1461 528 1522 ratione
543 1457 703 1540 Virgilius
721 1458 884 1544 judicium
906 1460 971 1526 hoc
992 1481 1038 1527 ex

86 1584 91 1616 t
101 1560 305 1644 judiciorum
317 1580 406 1625 more
421 1558 562 1624 ordinet.
607 1560 649 1624 In
667 1581 771 1626 cansa
785 1563 923 1646 capituli
933 1561 1038 1649 judex
1137 1596 1149 1615 ··

86 1658 216 1726 issedet
228 1680 289 1725 seu
303 1666 436 1744 praetor,
450 1660 620 1742 quaesitor,
636 1661 693 1725 cui
717 1681 759 1725 ea
784 1662 926 1746 quaestio
947 1670 1037 1730 sorte

86 1764 166 1828 'nom
190 1762 231 1826 de
253 1762 440 1845 quaestione
454 1765 549 1824 extro
561 1761 705 1825 ordinem
720 1762 877 1827 mundata
896 1762 951 1828 hic
971 1782 1036 1829 non
1091 1830 1104 1848 ‚

86 1864 151 1930 sive
165 1865 208 1940 is,
223 1863 278 1927 cni
290 1863 345 1926 ille
360 1861 525 1943 delegavit
537 1863 764 1945 quaestionem.
821 1859 982 1929 Assident
1002 1865 1035 1928 ei

86 1963 172 2041 docti,
186 1966 256 2048 qui,
271 1964 439 2028 sortitione
453 1964 623 2028 nominum
644 1983 688 2028 ex
711 1964 856 2030 decuriis
880 1984 902 2029 n
918 1964 1034 2049 jndice

86 2067 126 2131 ris
148 2067 249 2143 sactu,
268 2085 379 2130 censue
404 2068 524 2151 cuique
547 2066 762 2146 contigerunt.
809 2065 864 2129 Fit
873 2063 1034 2150 judicium

86 2171 140 2233 rso
154 2168 374 2250 cognoscitur.
418 2165 525 2231 Audit
538 2165 709 2245 Quaesitor
721 2167 868 2230 dicentes
882 2184 1031 2243 censum,

86 2275 168 2334 mtnr
181 2276 283 2333 testes
307 2273 331 2347 (‘
346 2270 499 2351 vitesque
524 2275 557 2334 et
577 2269 714 2332 crimine
726 2267 829 2342 discit
838 2266 858 2347 ;'
887 2286 966 2330 num
978 2263 1033 2331 do·

86 2388 144 2446 ere,
158 2388 242 2430 nosse
256 2388 374 2446 causas,
389 2368 555 2433 vocabula
562 2367 649 2451 juris
664 2368 801 2450 propria
812 2349 924 2450 sunt);
956 2366 1032 2432 mit·

86 2470 180 2536 dices
194 2471 228 2533 in
242 2470 429 2545 consilium,
440 2467 611 2551 senmtque
626 2467 829 2532 sententium.
860 2524 864 2529 .

86 2590 134 2636 mc
158 2573 269 2653 itaque
289 2571 423 2633 modum
445 2567 545 2652 poeto
568 2568 690 2632 sociem
706 2567 828 2651 judicii
850 2568 1029 2633 constitnit.

86 2692 112 2737 m
127 2673 168 2736 de
183 2673 331 2752 singulis.
375 2677 385 2703 ‘
402 2669 477 2735 Nec
493 2689 570 2734 vero
583 2671 636 2733 lrae
653 2670 723 2732 sine
737 2673 825 2732 sorte
840 2666 942 2745 dntae,
958 2668 1031 2733 sine

86 2773 181 2849 sdes,'
203 2773 261 2837 sod
277 2772 388 2855 potius
396 2771 545 2856 judicum
559 2770 671 2835 sortito
685 2767 835 2832 datorum
847 2771 1030 2837 sententiis.

86 2873 191 2939 κοῖτον
208 2872 317 2936 Minos
330 2893 442 2935 urnam
456 2882 566 2949 moret,
590 2870 722 2936 sortitur
742 2871 888 2955 judices.
934 2871 1029 2938 Male

86 2996 258 3042 causarum
287 2976 487 3040 sortitionem
516 2974 657 3038 referunt
683 2973 830 3051 Servius,
860 2973 1026 3057 Pompon.

86 3080 132 3144 lii.
179 3080 316 3143 Poterat
330 3079 384 3142 vel
399 3076 536 3141 Senecae
558 3074 698 3138 imitatio
712 3077 855 3137 errantes
868 3092 1027 3137 revocare

86 3201 105 3245 r.
119 3180 184 3245 731
207 3183 217 3212 ‘
233 3177 312 3242 Non
325 3197 409 3242 unus
423 3176 493 3241 alta
506 3176 584 3240 sede
597 3174 754 3257 quoesitor
766 3172 885 3236 sedens
894 3170 1027 3236 Judicia

86 3301 150 3347 iere
163 3280 293 3344 sortitor
307 3281 382 3344 reis.
427 3277 548 3342 Aditur
561 3276 620 3341 illo
633 3274 801 3340 Gnossins
812 3272 927 3338 Minos
937 3273 1024 3352 foro,

86 3383 198 3450 nothus
223 3383 292 3459 illo,
308 3380 460 3445 Thetidis
483 3379 549 3443 lroc
574 3378 666 3442 audit
688 3373 804 3442 socer!
858 3373 914 3439 Ad
928 3376 1025 3441 sorti·

86 3503 245 3561 susorum,
262 3500 330 3565 quo
348 3480 462 3570 ordine
482 3479 678 3545 inducendae
693 3478 772 3555 sint,
786 3478 923 3561 respicit
936 3477 1025 3542 idem

86 3589 275 3671 liquos-f
292 3584 463 3663 Quaesitor
486 3601 568 3647 urna
595 3580 760 3645 Gnossius
788 3585 899 3643 versat
926 3577 1024 3645 reos!

86 3688 225 3753 oloco:
258 3686 324 3755 578
343 3690 356 3749 f
369 3690 403 3750 et
425 3684 482 3768 qui
504 3683 612 3747 fronte
634 3681 731 3744 nimis
752 3680 892 3744 crimino
907 3681 1024 3745 tetrico
1106 3760 1110 3775 Ι

86 3808 141 3853 ¹nc
155 3795 282 3855 veteres
295 3788 470 3854 excutiunt
484 3804 570 3862 reos,
585 3782 718 3847 Flentes
739 3779 925 3866 Eurydicen
941 3781 1023 3866 jnrr'·

86 3889 149 3957 nt?
202 3891 260 3956 Sic
285 3909 417 3974 quoque
437 3887 528 3973 apud
554 3886 765 3970 Propertium
777 3885 906 3948 AEocus
927 3881 1022 3945 sedet

93 3998 127 4059 et
139 3995 273 4059 sortitur
283 3993 438 4079 judices:
471 4008 522 4067 rv,
534 3989 588 4066 11,
602 3989 645 4053 19
669 3992 679 4021 ‘
695 3988 764 4051 Det
775 3993 869 4070 poter
881 3984 934 4049 hic
948 4001 1020 4047 nm·

86 4099 116 4163 iu
125 4097 205 4182 jura
216 4094 310 4162 meae'
323 4094 441 4180 (Pluto
454 4095 567 4158 mitem
578 4090 619 4154 dc
633 4109 686 4154 mc
700 4083 1019 4164 sententiantes:
