2664 4686
106 304 195 370 tiss
532 314 733 365 nxcunsus
755 314 791 363 ν.

108 462 222 529 conos'
244 462 346 526 dictu.
392 461 529 526 Scilicet
537 462 645 526 insula
653 461 759 525 omnis
769 457 851 538 cllo,
867 464 1042 545 quatenus
1051 460 1206 529 inarime

108 573 173 643 net,
197 570 230 630 et
251 561 374 625 humilis
399 565 537 628 aliarum
561 563 742 628 insularum
767 567 947 646 respectu3
969 564 1039 626 etsi
1060 560 1204 626 interd·

108 669 172 732 ista
185 669 263 749 ipse
276 666 423 750 epitheta
438 666 537 729 modo
557 665 599 728 ad
613 667 756 730 littorum
778 665 845 728 altu
860 664 1095 747 promontorio
1105 670 1203 728 etsoo

109 769 207 852 pulos
232 775 433 851 montesque,
449 768 502 831 vel
527 767 611 830 loeve
637 772 671 829 et
692 766 807 830 leniter
828 764 961 829 acclive
987 766 1098 843 littus,
1120 763 1201 829 nlo

109 869 153 934 ad
167 870 324 933 interiora
349 874 395 945 (v.
411 888 441 932 c.
455 866 597 952 χθαμαλὴ
618 865 741 950 Odyss.
759 873 798 942 K,
822 863 905 948 196)
926 872 1096 949 mont,
1108 864 1199 943 114064

109 977 299 1053 quatenuse
314 971 493 1052 longinquo
515 971 598 1033 vele
613 972 800 1052 propinquo
826 973 1003 1051 spectetm’
1016 972 1105 1032 terre
1124 966 1199 1031 mvl·

109 1073 273 1152 gentibus.
317 1071 375 1135 Sic
389 1070 448 1135 ini.
466 1088 522 1148 111,
539 1071 604 1136 522
626 1075 722 1133 ‘cum
734 1069 853 1152 procul
865 1058 1033 1132 obscuros
1047 1064 1198 1133 collesb-

110 1168 269 1256 mitemque
282 1171 431 1235 videmus
447 1170 748 1254 Italiam-Gyaro
763 1168 862 1232 celsu’
878 1169 996 1253 junxit
1010 1166 1195 1252 auctorffl»

111 1274 314 1354 grammatis,
330 1273 412 1335 inter
426 1271 574 1336 Petronii
598 1272 793 1353 fragments,
808 1268 940 1354 repetiti
958 1250 1075 1353 nupsi·
1090 1270 1124 1333 in
1142 1266 1193 1332 Ar·

111 1371 191 1441 thoi.
207 1372 281 1436 Lat.
296 1393 330 1455 p.
345 1372 421 1449 466,
437 1371 528 1454 quod
543 1378 648 1436 totum
663 1391 706 1434 ex
719 1371 753 1434 h.
767 1371 790 1434 l.
800 1389 1011 1453 expressum,
1027 1390 1125 1453 quern
1136 1384 1190 1432 cun

111 1493 151 1538 eo
167 1473 262 1538 docte
277 1475 482 1556 comparavit
508 1471 634 1535 Editor.
679 1469 746 1533 Sed
759 1470 844 1533 sorte
857 1471 888 1533 is
907 1470 1084 1551 antiquum
1101 1468 1189 1532 verbo

111 1594 183 1638 rum
199 1575 347 1640 ordinem
362 1576 395 1638 in
409 1594 470 1638 suo
483 1575 567 1638 libro
587 1573 766 1636 habuerat:
790 1574 800 1604 ‘
813 1570 960 1654 Mycono
979 1572 1074 1635 celso
1087 1568 1188 1652 Gyan

113 1676 198 1758 que,’
220 1697 252 1740 v.
269 1676 351 1741 Ver.
373 1677 465 1741 Lect.
509 1675 623 1740 Alium
646 1674 712 1739 loci
736 1674 951 1737 imitationem
978 1672 1073 1736 (labit
1090 1669 1186 1734 sulio

111 1774 216 1838 Theb.
251 1793 307 1853 111,
336 1776 412 1840 438.
469 1759 590 1839 ΒοΙιιῖιι
616 1775 731 1839 ceteris
762 1774 878 1838 insulis
914 1771 1107 1837 humiliorem
1137 1786 1185 1832 ess

114 1873 309 1939 Wheelerus
322 1875 445 1952 docuit,
460 1875 608 1960 Journey
622 1876 692 1941 into
704 1875 829 1940 Greece
841 1896 876 1959 p.
892 1875 947 1941 58.

430 2421 808 2498 EXCURSUS
854 2421 905 2496 V.

259 2612 394 2665 reucnr
411 2586 455 2663 er
470 2612 699 2665 reucnonuu
718 2616 740 2663 ιι
757 2614 870 2666 cneus
888 2612 1077 2666 omosurs.

160 2810 215 2871 111,
238 2794 303 2857 104
318 2811 390 2876 sqq.
414 2792 534 2860 ‘Crete
548 2795 647 2859 Jovis
660 2799 771 2877 magni
785 2797 894 2861 medio
904 2796 999 2879 jacet
1007 2795 1117 2861 insule
1128 2791 1199 2859 l'on·

114 2904 167 2977 to;
191 2895 291 2960 Mons
306 2893 421 2959 Idaeus
434 2896 709 2976 ubi-Maximus
717 2898 803 2962 unde
817 2897 1105 2982 pater—Teucrus
1115 2896 1200 2962 suo
1235 2920 1237 2973 ς

115 3006 187 3064 teas
199 2999 338 3081 primum
352 3003 402 3060 est
416 2997 576 3063 advectus
589 2998 631 3061 ad
646 2998 743 3064 oras?
788 2999 898 3065 Locus
908 3000 991 3065 inter
1004 3000 1159 3064 classicos
1170 2992 1201 3057 de

116 3099 223 3165 Cretae
238 3105 272 3163 et
285 3098 483 3163 de'Troadis
499 3101 692 3182 originibus.
738 3100 787 3166 Ut
800 3100 969 3184 Apollinis
989 3091 1202 3164 oraculumul

116 3202 248 3266 ltaliam
264 3208 416 3284 spectans
441 3203 483 3265 de
507 3201 608 3267 Creta
621 3204 894 3286 interpretaretur,
908 3201 1009 3265 facile
1033 3201 1145 3266 induci
1157 3215 1203 3282 ptr

116 3309 198 3368 terat
211 3321 314 3365 senex
328 3300 507 3365 Anchises.
531 3302 621 3365 Nam
635 3309 667 3365 et
681 3304 812 3366 omnino
827 3302 908 3365 inter
923 3299 1058 3365 Cretum
1068 3307 1103 3366 et
1117 3299 1203 3379 Pin·

116 3406 204 3484 giam
219 3403 361 3482 origines
386 3401 516 3466 suerunt
530 3422 729 3481 communes,
749 3408 783 3467 et
797 3403 951 3487 Phrygiae
979 3401 1138 3479 Minoris,
1160 3413 1205 3463 ses

115 3504 264 3577 lioadis,
280 3504 478 3581 conditores,
492 3504 612 3568 Teucri
623 3505 816 3581 (secundum
832 3504 916 3568 elios
929 3504 1033 3567 etiam
1045 3497 1204 3574 Dardanii)

115 3602 245 3670 eCrets
259 3611 366 3667 ortum
389 3603 548 3683 hebuere3
571 3605 714 3681 accedit,
732 3604 822 3687 quod
846 3606 950 3668 autin
968 3601 1105 3668 Cretam
1127 3614 1204 3667 suos

116 3713 149 3772 et
168 3706 342 3786 religiones
373 3706 509 3788 Dactyli
535 3706 620 3770 ldsei
643 3707 876 3769 transtulenmt
911 3724 955 3768 ex
975 3703 1136 3789 Phrygia,
1162 3698 1205 3767 tul

116 3807 262 3890 Phryges
283 3825 442 3888 occepere
466 3806 639 3887 religiones
663 3826 685 3869 a
708 3805 882 3869 Curetibus
897 3825 956 3869 seu
974 3804 1206 3890 Corybantibus

116 3907 281 3975 excreta.
327 3905 416 3968 Nam
441 3916 613 3990 utrumque
628 3908 776 3972 traditur.
823 3910 932 3972 Locus
952 3908 1118 3972 classicus
1132 3894 1208 3990 apud

117 4011 270 4075 Strabon.
285 4008 344 4072 lib.
358 4023 397 4082 x,
409 4027 445 4088 p.
459 4008 525 4071 466
539 4028 612 4090 sqq.
637 4007 775 4072 Diodor.
794 4027 828 4086 v,
845 4030 875 4074 c.
889 4009 930 4073 64
941 4028 1016 4091 sqq.
1062 4007 1097 4072 A
1110 4013 1210 4071 nosiso

117 4112 305 4195 proditum
325 4131 344 4176 e
364 4106 466 4173 creta
490 4129 566 4174 cum
589 4108 718 4174 Teucro
732 4128 829 4175 suere
851 4109 1008 4195 Cybeles,
1023 4116 1060 4176 et
1087 4107 1215 4195 quiden
