2664 4686
440 364 492 415 ΑΒ
513 360 686 414 mimos
706 358 782 411 utu.
808 360 849 411 n.
1104 344 1194 412 4105

90 518 191 577 uuum
206 504 370 592 Phrygios
378 506 545 592 jaculatiu
557 507 727 592 puppibus
740 505 853 590 ignes?
894 503 1011 570 bliuus
1024 509 1116 571 certa
1127 503 1193 570 tide

90 615 167 677 uiuit
190 608 270 673 aba
291 605 689 690 geminationem
710 626 755 673 au
775 606 878 672 alium
890 605 1021 672 beroem
1034 604 1194 687 reierant;

91 716 138 790 ut,
164 710 353 776 numeratus
376 708 440 773 sub
465 708 584 793 clypeo
598 707 753 773 deficiens
785 707 858 794 (ap.
879 706 1008 773 Natter.
1023 708 1093 772 tab.
1111 722 1194 771 viii.

90 816 126 877 a
144 808 257 894 uiui).
301 808 363 875 Est
389 806 519 873 ιιωιοι
547 811 583 874 in
605 807 713 874 Sarni
736 828 857 874 saxum
881 814 986 895 porte
1014 798 1195 873 asnorum

91 908 299 977 Achivorum
320 911 504 995 impingens
523 909 574 996 (r.
589 910 687 976 lliad.
709 917 754 976 Μ.
775 915 857 975 extr.
871 926 927 995 ap.
942 909 1088 994 Lippert.
1104 907 1195 975 Mill.

92 1028 137 1091 ii,
146 1013 182 1092 2,
192 1015 227 1078 5.
241 1031 349 1097 neque
362 1011 466 1076 ulium
476 1031 550 1076 esse
565 1013 703 1078 arbitror
713 1011 801 1078 Mill.
813 1029 870 1089 iii,
879 1013 912 1090 2,
923 1013 957 1077 6.
973 1006 1196 1095 expressum).

93 1110 264 1180 Incertum
276 1131 411 1196 quoque
424 1130 500 1176 esse
512 1118 633 1198 potest,
660 1132 704 1177 au
717 1115 799 1179 iuter
812 1113 928 1179 heroes
941 1114 1028 1196 bigis
1041 1113 1198 1176 instantes

95 1210 228 1279 Hector
247 1212 446 1295 quaerendus
467 1214 530 1294 sit;
560 1215 679 1279 certior
702 1213 785 1279 iides
808 1222 859 1279 est
885 1232 1074 1279 numerum:
1115 1211 1199 1275 iuter
1262 1210 1266 1215 '

93 1334 183 1401 quos
195 1311 282 1378 nesi
294 1314 457 1379 notissimi
472 1311 630 1380 Iliensium
645 1321 733 1395 sunt,
754 1316 797 1383 ad
812 1315 1042 1393 Commodum,
1064 1312 1114 1379 Μ.
1127 1310 1197 1377 Au·

94 1417 222 1493 iulium,
243 1420 279 1479 et
301 1413 510 1479 Caracallum
524 1421 722 1500 spectantes,
745 1417 925 1483 Hectorem
938 1415 1108 1500 quadrigis
1122 1413 1199 1478 citis

94 1518 302 1585 numism
324 1515 528 1594 exhibentes,
553 1534 587 1581 ιι.
603 1536 634 1581 c.
658 1515 749 1582 Mus.
767 1517 903 1581 Fames.
922 1515 1001 1581 Vol.
1022 1534 1055 1592 v,
1093 1520 1117 1577 t.
1141 1512 1198 1589 1⁷,

95 1618 130 1685 8.
174 1615 300 1683 Merito
319 1616 444 1681 dixeris
466 1618 552 1682 huuc
567 1616 746 1682 Hectorem
759 1637 842 1695 esse,
865 1617 946 1700 ‘qui
959 1615 1045 1679 redit
1058 1611 1199 1677 exuviae

95 1718 230 1785 indutus
241 1717 390 1783 Achiui?
431 1716 583 1783 Ceterum
599 1719 757 1784 Hectoris
775 1718 922 1803 caputia
936 1716 1013 1781 aliis
1027 1712 1199 1778 Iliensium

94 1821 207 1885 umis
217 1819 361 1901 visitu13
386 1826 420 1883 et
440 1825 491 1884 est
512 1839 596 1884 unus
619 1839 738 1885 numus
751 1821 786 1883 iu
800 1818 1002 1883 Numlsmat.
1017 1812 1141 1880 Albani
1154 1809 1198 1875 Τ.

97 1936 123 1998 ι,
142 1921 238 1999 tw,
261 1920 285 1986 2
305 1922 343 1984 iu
356 1940 425 2004 quo
440 1920 580 1987 Hectori
594 1940 717 2004 corpus
731 1920 880 1986 Patrocli
894 1919 1100 1984 abstractum
1113 1910 1200 1997 obji-

97 2023 191 2097 ciimt
201 2041 238 2087 se
254 2021 430 2088 Menelaus
444 2027 479 2089 et
492 2021 596 2107 Ajax,
619 2022 742 2100 affabre
757 2021 866 2087 efficti.
1169 2038 1176 2045 ·

518 2303 811 2321 w

416 2539 773 2623 EXCURSUS
810 2537 891 2612 lx.

307 2766 360 2820 DE
375 2762 593 2826 partemue,
608 2755 807 2819 Pnuuanio,
824 2754 868 2805 ΕΤ
883 2751 1002 2804 VES'I'A.

144 2974 187 3035 ii,
209 2953 290 3021 we.
304 2951 382 3017 298.
397 2949 473 3015 297.
497 2943 619 3008 ‘Socra
633 2959 779 3023 suosque
799 2939 861 3002 tibi
881 2936 1087 3001 commendat
1099 2931 1206 3016 'l'roja

105 3052 346 3121 Penates-Sic
369 3051 417 3114 ait
438 3055 472 3112 et
496 3046 649 3110 manibus
674 3041 781 3116 virias,
821 3035 1001 3120 Vestamque
1027 3039 1204 3117 potentem,

104 3158 344 3241 AEtemumque
359 3152 468 3236 adytis
482 3148 572 3214 effert
585 3142 805 3231 penetralibus
820 3139 943 3226 ignem!
969 3135 1061 3215 Quid
1075 3133 1206 3198 taudem

104 3260 184 3327 utun
199 3262 255 3338 sit,
278 3255 368 3341 quod
381 3253 506 3317 AEueas
520 3253 623 3332 capta
636 3244 740 3327 'Proja
754 3258 868 3306 secum
881 3240 915 3304 in
930 3238 1063 3302 Italiam
1078 3233 1207 3298 abdux-

106 3364 174 3442 eit,
188 3379 271 3426 uum
284 3356 387 3422 modo
401 3354 555 3429 Penates,
578 3349 678 3415 modo
692 3344 894 3419 Palladium,
909 3338 1009 3404 modo
1022 3336 1129 3401 Vesta
1141 3353 1208 3398 me-

108 3470 267 3541 moratur,
282 3459 440 3525 ineriutue
452 3444 573 3539 privati
589 3451 705 3515 AEueae
720 3465 762 3510 au
777 3442 903 3528 publici
918 3439 1075 3516 Penates,
1094 3441 1128 3501 et
1142 3453 1210 3519 qua

109 3567 221 3650 specie
242 3562 300 3627 vel
323 3559 442 3624 fuerint
463 3556 518 3621 vel
541 3555 606 3617 sint
631 3549 758 3625 crediti,
780 3545 900 3630 paucis
918 3542 1018 3626 juvat
1037 3537 1208 3621 inquirere,

113 3674 267 3751 qunumm
280 3661 414 3746 quidem
436 3657 479 3722 ad
503 3656 582 3719 loca
594 3649 749 3716 nonnulla
763 3646 873 3730 poetae
889 3639 1087 3706 declaranda
1100 3638 1209 3702 facere

113 3766 297 3853 idpotest3
334 3757 597 3846 quandoquidem
630 3751 731 3836 poeta
762 3747 936 3812 Penatium
963 3741 1119 3823 religione
1141 3744 1210 3802 tam

117 3870 270 3953 molare
285 3885 366 3931 usus
379 3869 431 3927 est
448 3860 492 3926 ad
512 3859 671 3942 majorem
685 3853 802 3917 AEueue
815 3848 903 3926 fatis,
924 3845 1024 3910 errori
1038 3848 1070 3905 et
1084 3839 1127 3904 ed
1141 3838 1212 3903 Ita·
1310 3864 1320 3877 ·

120 3969 191 4039 lm
218 3966 384 4044 accesmi,
421 3961 612 4046 dignitatem
647 3951 920 4031 mirationemque
955 3938 1209 4010 conciliandam.

124 4066 223 4137 llulto
236 4071 324 4134 euim
339 4063 531 4148 angustiora
552 4057 662 4125 emula
684 4051 791 4121 videri
808 4048 908 4116 facile
920 4043 1095 4153 intelliges,
1117 4036 1148 4100 si
1162 4035 1212 4099 in-
1242 4068 1249 4081 ·

128 4165 455 4239 ture-AEneammdo
463 4162 607 4231 Peneus
620 4155 649 4243 (⁴
658 4154 857 4237 inferretque
868 4148 962 4217 Deos
975 4133 1100 4223 lano')
1112 4153 1213 4223 quam
