2692 4974
113 632 203 706 4488
450 648 645 699 nacurssus
669 646 884 699 anruronun

155 793 322 865 emendata,
342 792 500 871 notisque
490 811 526 851 ac
542 791 659 852 scholiis
673 791 788 855 selectis
801 792 952 854 varicem
965 784 1132 925 ΜιΤ
1148 796 1219 859 issu·

155 893 229 954 dini.
250 901 279 952 8.

120 983 716 1062 16851118.11881116128113111111...
741 985 850 1064 Opera.
875 984 946 1046 Nic.
972 984 1130 1062 Heinsius,
1151 990 1219 1050 un.

157 1087 190 1146 F.
205 1082 412 1144 membranis
426 1081 628 1159 compluribus
640 1082 734 1161 iisque
748 1081 962 1162 antiquissimis
973 1082 1137 1146 recensuit.
1157 1090 1218 1146 An·

157 1180 319 1250 stelodami,
342 1200 377 1239 ex
391 1178 508 1239 officina
521 1178 729 1238 Wetsteuiana.
752 1188 800 1240 12.

115 1310 156 1325 -·
170 1275 305 1337 Parnabii
319 1292 382 1334 ιιι.
404 1274 625 1335 Amstelodami.
649 1282 696 1336 12.

120 1372 412 1436 insonuerunt).
428 1371 539 1450 Virgilii
553 1373 628 1431 Mar.
643 1373 752 1450 Opera,
773 1370 1016 1450 interpretatione
1043 1381 1077 1433 et
1099 1373 1169 1433 notis
1185 1372 1215 1431 il·

157 1469 292 1530 lustravit
311 1471 379 1529 Car.
405 1470 523 1540 Ruaeus,
538 1469 626 1546 jussu
648 1467 886 1528 christianissimi
900 1466 995 1547 Regis
1008 1468 1051 1529 ad
1066 1488 1153 1530 usum
1164 1470 1217 1530 ser.

158 1567 308 1645 Delphini,
324 1566 412 1642 justa
425 1565 582 1626 editionem
597 1565 796 1626 Parisiensem.
817 1562 955 1625 londini.
978 1573 1010 1626 8.

120 1662 197 1726 1688
212 1663 282 1723 Nic.
292 1654 408 1722 'Heinsii
422 1678 469 1720 vr.
492 1661 714 1732 Amstelodami,
734 1679 772 1720 ex
784 1659 865 1719 offic.
879 1658 1079 1722 Plaeririana.
1103 1670 1152 1724 12.

116 1792 158 1807 -
170 1758 277 1829 AEueis,
297 1778 325 1817 c.
340 1757 472 1817 versione
486 1757 588 1816 Germ.
603 1758 651 1817 Jo.
666 1776 684 1816 a
699 1756 837 1816 Zehmerl.
859 1755 980 1835 Lipsisn
1005 1766 1057 1821 12.

121 1854 199 1928 1690
212 1854 297 1916 Rusei
312 1869 359 1913 iv.
380 1851 603 1912 Amstelodami.
625 1861 655 1912 4.

122 1949 198 2023 1692
215 1949 298 2010 iluoei
313 1965 344 2008 v.
366 1947 590 2008 Amstelodami.
610 1957 642 2008 4.

120 2048 197 2117 1695
213 2047 282 2107 Nic.
296 2044 405 2104 lieinsii
419 2060 482 2104 vri.
503 2064 540 2103 ex
552 2042 678 2103 editione
693 2032 873 2102 Elaeviriaua
885 2059 1002 2101 recusa.
1025 2042 1161 2104 londini.
1175 2052 1201 2104 8.

116 2176 158 2189 -
171 2142 256 2201 lluaei
268 2158 316 2200 vr.
339 2159 440 2210 recusa
450 2140 538 2215 juxta
549 2138 706 2198 editionem
720 2141 815 2198 Amat.
833 2138 922 2210 1692.
944 2136 1088 2200 Londini.
1108 2148 1139 2199 4.

119 2236 198 2309 1696
213 2236 297 2297 lluaei
310 2251 374 2294 vn.
395 2233 519 2294 Parisiis.
535 2243 564 2296 8.
583 2234 686 2294 3νοΙΙ.

117 2333 351 2394 -Ruseivnn
373 2331 508 2392 Londiui.
525 2340 553 2392 8.
597 2329 737 2391 Biblioth.
769 2328 890 2389 Panaeti
914 2330 955 2389 P.
968 2346 992 2390 1.
1017 2349 1088 2409 pag.
1103 2338 1171 2398 275.
1191 2349 1219 2388 a.

159 2428 249 2494 2³63

119 2527 198 2599 1697
213 2526 336 2587 Minellii
352 2541 399 2587 ιν.
421 2523 620 2585 Roterodami.
645 2533 691 2585 12.

117 2656 159 2669 -
172 2623 281 2701 Virgilii
295 2625 395 2700 Opera
418 2621 487 2681 ab
479 2641 543 2699 ipso
565 2620 691 2698 primum
705 2617 795 2689 edita,
817 2617 881 2677 scil.
896 2560 1130 2697 Epigrammata,
1154 2616 1221 2676 Poe'·

157 2718 257 2788 matia,
279 2718 560 2794 Fragments-cunr
574 2724 733 2775 comment.
747 2714 899 2774 etobserv.
913 2732 1046 2792 cumque
1060 2713 1221 2792 paraphrasi

157 2814 263 2875 Italico
287 2813 380 2873 metro
402 2813 579 2872 concinnata
602 2811 641 2870 ab
654 2810 782 2871 Octavio
805 2809 980 2870 Scarlatino.
1022 2809 1175 2869 Bononire.
1189 2809 1219 2868 P.

159 2909 255 2971 Maria
266 2909 305 2968 de
319 2907 479 2967 Montibus.
500 2907 552 2966 t‘ol.

118 3006 196 3078 1698
211 3004 324 3081 Virgilii
336 3004 448 3081 Opera.
468 3005 517 3063 Jo.
533 3004 622 3064 ilenr.
638 3004 785 3063 Bisclerus
800 3002 952 3082 quondam
975 3022 1011 3062 ex
1037 3003 1143 3082 insigni
1165 3002 1219 3061 bis.

159 3100 345 3161 bibliothecae
357 3100 609 3175 Argentoratensis
624 3100 781 3171 recensuit,
802 3109 833 3160 et
846 3099 1054 3159 annotationes
1080 3109 1139 3158 tam
1161 3096 1220 3175 phi·

133 3204 137 3211 '
155 3195 308 3283 iologicas,
329 3214 419 3274 quam
433 3195 656 3276 philosophicas
668 3207 699 3257 et
713 3196 859 3276 politicas,
872 3197 901 3254 in
917 3195 1027 3275 quibus
1041 3194 1134 3255 Servii
1146 3211 1218 3252 cous·

158 3284 315 3359 mentatins
330 3292 480 3370 praecipue
494 3291 664 3364 illustratur,
677 3294 824 3372 eleganter
835 3291 1045 3370 suppeditavit.
1090 3297 1099 3324 ⁸
1114 3289 1222 3354 urnae,

158 3390 238 3471 apud
255 3388 361 3468 Wolig.
377 3389 529 3449 Reueriin!
551 3398 579 3449 8.
620 3390 735 3449 Textus
755 3389 823 3448 vivo
843 3387 978 3448 Boeclero
999 3387 1097 3446 luent
1109 3403 1222 3463 expres·

159 3509 217 3558 sus,
238 3487 289 3547 scd
316 3488 435 3564 triginta
458 3485 576 3545 demum
600 3502 668 3543 anu.
693 3495 763 3562 post
777 3485 854 3543 illius
869 3493 993 3543 mortem
1008 3502 1088 3562 opus
1100 3479 1221 3541 absolvit

159 3583 241 3654 alius,
264 3583 315 3660 qui
339 3581 455 3641 addidit
477 3581 678 3640 annotationes
701 3581 730 3639 in
744 3579 864 3640 AEneida
889 3599 944 3639 nec
959 3578 1149 3658 parispretii,
1168 3592 1220 3636 nec

159 3679 321 3740 admodum
345 3677 463 3749 multas,
495 3698 531 3737 ex
562 3698 613 3738 ore
636 3676 784 3757 quondam
808 3676 1000 3755 praeceptoris
1019 3676 1078 3746 sui,
1094 3670 1220 3741 Bncleri,

160 3785 309 3852 exceptas,
330 3773 359 3832 iu
375 3765 482 3852 ouibus
498 3775 584 3836 variae
606 3775 726 3835 Codicis
747 3773 998 3853 Argentoratensis
1020 3771 1163 3832 lectiones
1179 3767 1221 3828 ai·

160 3871 301 3943 feruutur,
323 3870 390 3930 crisi
413 3871 559 3932 interdum
582 3871 724 3942 adhibita,
745 3881 776 3930 et
795 3870 906 3930 ratione
930 3868 1033 3939 Servii,
1054 3869 1103 3927 vel
1125 3864 1220 3946 potius

160 3966 311 4047 farraginis
324 3968 517 4047 plurimorum
531 3967 798 4028 Grammaticorum
823 3971 902 4040 (uam
917 3967 1071 4026 Braclerus
1091 3964 1134 4025 ait
1156 3980 1220 4042 pag.

163 4074 211 4128 52.
232 4084 264 4124 se
286 4065 447 4145 inspexisse
467 4083 551 4129 ¹111.
574 4064 752 4142 exemplaria
772 4064 848 4123 Μαι.
871 4081 995 4140 quorum
1018 4061 1134 4120 nullum
1157 4077 1220 4118 cuni

161 4162 253 4223 altero
265 4162 442 4236 consentiat)
455 4163 560 4224 crebro
574 4161 685 4222 habita.
727 4160 815 4221 Notae
828 4159 859 4219 in
873 4158 1016 4219 Bucolica
1029 4166 1060 4218 et
1073 4153 1220 4233 Georgica

162 4250 321 4320 admodum
330 4258 457 4339 jejunae,
479 4270 558 4320 etex
573 4261 683 4331 Servio,
704 4259 738 4318 P.
754 4260 849 4320 Rauso
863 4266 893 4316 et
909 4255 987 4314 Prid.
1001 4252 1221 4316 Cerutousiserc

163 4357 337 4435 compilata,
355 4355 444 4421 aliurn
466 4356 575 4418 habam
596 4363 757 4418 auctorem.
800 4353 959 4417 ndhsnn
981 4346 1221 4437 quoquecuu,
