2664 4686
408 289 410 298 ’
447 320 451 329 ·
537 320 587 370 r.
611 319 785 372 vinorum.
1128 306 1216 378 4439

118 490 134 505 ·’
153 492 186 531 se
201 466 286 549 ipsn'i
304 466 480 556 despeculo
493 482 523 533 et
537 474 618 535 fonte
630 497 637 536 :
648 485 689 536 ·et
702 468 889 556 experientia.
919 467 971 535 'De
985 467 1077 552 glacie
1090 487 1119 537 et
1134 478 1216 557 plau·

115 610 122 617 -
149 576 235 628 ntro:
255 578 287 628 et
304 574 375 629 arcu
389 562 500 630 caelesti
513 588 604 649 quam
619 574 688 632 lrim
703 582 820 633 vocant.
863 574 909 632 De
923 558 1217 651 quattnnr'tempori·

115 665 209 724 “bus
232 665 319 725 anai:
341 666 431 726 etde
453 677 518 727 ortu
541 669 621 728 solis.
664 672 711 730 De
736 663 824 749 siguis
847 667 1038 729 coelestinus.
1069 669 1215 738 Quadam

151 762 248 820 edilia.
290 764 398 822 Omnia
418 764 537 842 quidem
560 773 620 826 tatu
645 767 803 837 Bucolica;
825 765 974 843 Georgica
988 758 1215 843 opusculorum·
1238 803 1241 809 ·

119 864 121 869 '
151 877 210 935 que
223 860 380 918 nonnulla:
399 869 430 919 et
444 861 559 921 AEneis:
581 882 669 941 qnam
684 863 786 923 tertius
797 861 930 921 decimus
944 881 962 920 a
977 862 1106 940 Mapbe'o
1122 864 1214 943 Vegio

115 992 120 997 -
151 953 246 1013 liber:
267 956 484 1033 expolitissimis
504 957 604 1037 ligneis
629 969 660 1020 et
685 958 864 1037 Imaginibus
879 959 1030 1017 illustrata.
1070 961 1216 1019 Accesse-

149 1052 279 1110 suntad
300 1053 365 1111 baec
379 1072 437 1113 uon
453 1055 548 1115 miuus
563 1056 642 1115 utilia
657 1075 745 1135 qnam
760 1055 920 1116 necessaria
932 1056 1129 1134 congruisque
1142 1055 1214 1117 locis

151 1146 183 1204 iu
197 1147 318 1207 AEueide
341 1150 405 1227 ipsa
429 1151 671 1212 interlocutorum
692 1155 809 1213 uomina
824 1153 896 1212 sita:
919 1172 987 1230 quae
999 1159 1142 1230 quantuni
1156 1152 1216 1213 lec-

113 1260 131 1289 ··
149 1242 206 1302 tori
219 1243 285 1317 (nisi
301 1249 418 1319 nasuto)
440 1247 620 1307 adminiculo
644 1249 742 1308 sutura
763 1250 820 1308 siut
836 1249 956 1327 judicet
975 1251 1027 1326 qui
1049 1249 1213 1329 perlegerit.

113 1336 118 1383 j
150 1341 263 1398 Aversa
278 1341 353 1401 tituli
368 1333 581 1416 lrabetversus,
597 1365 672 1423 quos
686 1345 820 1405 condidit
845 1346 1056 1405 ‘Sebastianus
1071 1347 1161 1405 Brant
1173 1344 1213 1405 ad

112 1464 116 1471 ·
148 1436 304 1496 ledonem
317 1439 445 1516 Operis!
486 1442 655 1518 Sequuntur
677 1451 757 1501 tum:
790 1441 875 1501 ‘lod.
900 1440 983 1500 Badii
1007 1439 1139 1500 Asceusii
1162 1460 1212 1520 ep.

112 1561 130 1569 ··
146 1531 186 1590 ad
203 1534 372 1593 Ausclruuns
387 1535 424 1593 de
449 1537 584 1596 Brieuere
608 1538 645 1597 U.
661 1539 684 1596 l.
700 1538 739 1596 D.
758 1537 850 1596 data!
893 1539 957 1596 ‘Ex
972 1537 1214 1597 Officinanostra

147 1627 288 1688 littoraria
302 1631 330 1687 in
341 1632 557 1711 Parrbysiorum
568 1634 702 1694 Lutecia.-
714 1634 752 1693 ad
767 1650 846 1693 vni.
863 1632 929 1692 Kal.
945 1632 1049 1692 Maias.
1065 1635 1108 1692 M.
1123 1633 1162 1692 D.
1173 1635 1211 1693 V.

147 1724 186 1782 Et
202 1724 257 1783 iam
273 1725 342 1785 ldu‘s
354 1726 391 1786 ad
408 1728 534 1807 Apriles.
579 1729 655 1788 Antii
677 1732 716 1788 ab
739 1729 941 1807 redemptione
955 1730 1081 1787 humana
1097 1744 1211 1788 mnxv.

108 1854 114 1864 ·
143 1807 210 1879 ‘tum
225 1822 258 1880 Ρ.
275 1824 392 1902 Vergilii
417 1824 833 1902 praeconiaperlandinum
856 1834 917 1883 tum
945 1828 1014 1884 Ant.
1038 1824 1212 1885 Mancinelli
1320 1835 1322 1839 ’

112 1964 116 1971 .
147 1935 199 1994 ep.
223 1918 362 1997 iuscripta
386 1923 464 1980 Urso
479 1923 585 1981 Ursino
607 1932 665 1981 etc.
688 1930 749 1981 tum
774 1921 840 1980 lod.
863 1921 947 1980 Badii
970 1925 1041 1981 Asc.
1066 1920 1095 1979 iu
1109 1923 1212 2000 Opera

147 2015 312 2091 Vergiliana
326 2018 467 2093 quaedam
483 2029 721 2096 praenotansenta
734 2020 812 2078 'scitu
827 2018 935 2097 dignen
958 2026 1021 2077 tum
1036 2015 1138 2075 tabula
1153 2017 1211 2075 Bu·

108 2127 126 2159 -·
144 2108 319 2182 aulicorum,
340 2114 450 2191 Georg.
473 2125 503 2173 et
528 2114 764 2192 Opusculorurn3
787 2125 849 2174 tum
865 2113 994 2173 Ascensii
1016 2113 1044 2171 iu
1070 2111 1211 2171 Bucolica

146 2207 237 2285 Verg.
260 2207 449 2285 preambula3
467 2210 615 2289 justaque
635 2210 726 2269 Servii
746 2210 843 2269 Mauri
864 2211 942 2269 Hou.
958 2210 1012 2267 Gr.
1028 2208 1056 2265 iu
1072 2205 1210 2267 bucolica

108 2305 424 2377 ¹--commoutariorum
454 2306 549 2365 liber!
589 2306 725 2366 Tandem
753 2316 850 2366 textus
878 2324 945 2363 cum
972 2303 1208 2372 Commentariis,

146 2400 255 2477 quibus
269 2401 297 2459 in
312 2403 442 2481 margine
456 2403 581 2463 auctoris
595 2403 743 2479 cujusque
755 2421 861 2462 nornen
875 2400 1007 2460 additum
1022 2409 1077 2458 est.
1112 2400 1210 2460 Buco-

109 2511 130 2544 ·‘
145 2497 268 2556 licnrum
283 2506 312 2558 et
326 2498 539 2577 Georgicorum
555 2498 606 2558 liui
619 2500 777 2577 subjuncta
801 2508 846 2557 cst
870 2495 964 2574 Epist.
994 2495 1138 2565 Ascensii,
1166 2495 1210 2553 in·
1318 2497 1323 2503 '

144 2594 256 2671 scripta
270 2595 427 2655 Landislao
440 2606 469 2655 et
479 2597 620 2656 Clementi
631 2594 851 2655 Alexandrinis:
874 2591 996 2650 ‘loanni
1010 2590 1207 2651 confluentino
1263 2666 1266 2670 .

124 2708 127 2717 ·
144 2698 176 2748 et
190 2691 291 2749 loanni
305 2711 393 2768 parvo
405 2693 535 2770 ingenuis
550 2693 729 2770 optimorum
742 2689 968 2768 bibliopolarum
984 2687 1102 2748 liberis!
1142 2689 1207 2748 ‘Ex

108 2826 116 2838 .
143 2785 263 2847 officina
277 2799 375 2848 nostra
389 2788 530 2847 litteraria
542 2788 705 2847 Parrhisiis.
721 2805 753 2846 v.
775 2787 846 2846 ldus
862 2787 936 2845 Mar.
961 2786 1049 2844 Anno
1072 2804 1128 2864 pro
1150 2783 1208 2843 cal·

145 2882 222 2942 culis
236 2884 293 2945 Ro.
308 2887 352 2944 M.
364 2886 402 2943 D.
418 2886 453 2942 1!
473 2886 506 2942 ln
522 2882 581 2945 linc
596 2883 815 2961 opusculorum
831 2883 894 2940 haec
909 2881 1061 2959 leguntur:
1084 2881 1207 2940 ‘Habes

121 2992 127 3001 '
144 2980 235 3059 igitur
255 2981 390 3041 iuventus
404 2981 513 3059 optima
528 2979 691 3056 Vergiliana
705 2979 766 3038 lere
780 2997 868 3055 opera
880 2976 1059 3035 familiariter
1070 2976 1209 3053 explana·

111 3146 121 3161 .
144 3084 195 3136 tat
217 3078 295 3137 Nam
317 3077 501 3154 Priapeinm:
523 3075 704 3134 obscoenum
729 3072 800 3131 illud
815 3073 990 3150 epigramma
1001 3091 1017 3129 τ·
1031 3089 1091 3128 non
1106 3071 1208 3149 Vergi-

145 3173 272 3232 lianum:
294 3174 345 3233 sed
361 3173 540 3233 Ouidianum
563 3191 628 3231 csse
651 3172 678 3230 in
694 3172 768 3232 iacic
783 3170 868 3228 lrnins
883 3166 1034 3226 voluminis
1048 3185 1100 3225 seu
1114 3165 1207 3225 libelli

144 3269 238 3327 ultimi
260 3269 496 3346 praenotavimus
520 3270 652 3328 Authore
671 3268 814 3328 Politiano
827 3284 897 3324 cum
911 3263 968 3323 siut
982 3263 1033 3341 qui
1047 3282 1106 3321 nou
1121 3261 1207 3351 unius

109 3398 114 3405 ·
143 3363 285 3424 Autlroris
297 3385 361 3425 esse
375 3366 478 3425 velint:
501 3366 702 3442 cuiuscunque
712 3375 810 3424 autem
820 3371 884 3422 est:
905 3358 1055 3439 iudignum
1067 3360 1205 3437 estquod

111 3497 116 3505 -
142 3462 283 3540 Xpianis:
306 3461 335 3520 id
359 3473 404 3522 est
421 3463 510 3522 castis
525 3462 645 3522 auribus
658 3471 831 3539 exponatur.
873 3458 1045 3518 Catalccton
1060 3475 1131 3516 vero
1145 3474 1204 3516 non

99 3590 107 3601 ·
140 3559 271 3636 Vergilio
294 3559 345 3618 sed
371 3579 528 3638 puerorum
553 3559 672 3620 lectioni
697 3558 757 3616 sine
771 3557 882 3615 iactura
898 3553 1106 3613 subtraximus.
1148 3555 1206 3613 lm-

142 3674 243 3733 pressa
257 3665 326 3716 suut
340 3657 395 3717 bec
410 3659 509 3717 omnia
523 3656 658 3734 Lugduni
672 3655 711 3715 ab
725 3654 835 3714 lacobo
849 3652 965 3711 Sacbnn
989 3666 1134 3710 sruxvu.
1156 3650 1206 3710 die

141 3750 284 3832 vigesima
299 3755 403 3814 mensis
416 3753 560 3833 Augusti.¹

111 3880 115 3890 ·
182 3851 292 3921 AEneis‚
308 3871 375 3930 quae
389 3871 443 3930 pro
457 3850 550 3909 altero
564 3847 708 3908 volumine
724 3845 857 3913 babetur,
878 3841 993 3922 proprie
1007 3842 1050 3902 sic
1062 3841 1202 3920 inscripta
1253 3847 1255 3855 ’

123 3954 207 4007 'ests
230 3948 346 4008 ‘AEneis
359 3947 524 4027 Vergiliana
542 3966 611 4006 cum
625 3943 716 4004 Seruii
732 3939 876 4001 llnuorati
890 3937 1085 4000 Grammatici
1099 3937 1206 3996 liuber-

140 4044 220 4104 rimis
233 4045 468 4106 commentariis:
489 4055 557 4104 cum
570 4041 697 4121 l’bilippi
710 4037 847 4100 Beroaldi
859 4037 914 4098 viri
926 4032 1079 4096 clarissimi
1091 4030 1204 4092 doctis·

110 4170 114 4180 ·
141 4140 222 4200 simis
244 4140 274 4200 in
293 4141 411 4205 eosdem
436 4138 671 4203 annotationibus
693 4137 753 4197 suis
777 4134 850 4196 locis
863 4131 982 4213 positis:
1002 4130 1078 4191 Cum
1091 4127 1204 4190 Donati
