2692 4974
129 658 218 726 4860
566 664 814 722 nxcunsust.
879 651 892 691 ‘-

131 819 306 903 petebant:
327 812 494 909 audere
509 814 618 879 satis
608 834 643 877 rn
658 808 817 879 Excurss
832 808 948 879 adlib
965 824 1019 878 vn
1036 808 1235 885 didnmesl.

132 921 246 985 Ocnus
261 920 371 982 autem
384 914 452 993 hic,
470 914 524 978 vol
546 912 696 992 Aucnus,
720 915 810 978 nullo
832 915 933 980 modo
952 935 1030 980 cum
1044 916 1237 1007 Graecorum

131 1021 226 1086 Ocno
252 1026 303 1084 cst
325 1017 588 1094 confundendus,
613 1036 712 1099 quem
740 1018 774 1079 in
797 1017 883 1081 locis
899 1019 1012 1084 inseris
1037 1000 1235 1085 collocarunt·

50 1130 59 1141 ⁶
128 1122 275 1188 nomrulli
294 1140 338 1185 cx
360 1119 479 1203 poetis.
524 1119 666 1183 Diversa
680 1116 834 1182 de·0cno
857 1119 941 1184 alios
960 1127 994 1185 et
1017 1121 1061 1185 de
1085 1119 1238 1187 Mantuoe

127 1224 252 1306 origine
275 1220 464 1298 tradidisse,
488 1240 532 1283 ex
559 1219 673 1283 Servio
689 1219 781 1284 adv.
796 1219 861 1285 198
884 1220 993 1304 colligi
1015 1230 1149 1307 potest3
1169 1224 1232 1289 sue·

127 1332 201 1392 runt
214 1325 301 1389 euim
316 1324 372 1407 qui
388 1322 574 1387 Bononiam
590 1341 735 1405 quoque,
751 1322 830 1384 olim
851 1320 1030 1401 Felsinam,
1046 1324 1148 1389 abeo
1161 1328 1236 1405 oon-¹¹

128 1430 233 1493 ditam
245 1426 428 1490 traderent:
452 1430 486 1487 at
502 1423 677 1487 Mantuam
693 1421 913 1486 aTarchonte
936 1425 1106 1490 conditam
1126 1418 1232 1492 narn-¹

80 1564 104 1578 -ι
126 1534 242 1595 verant
268 1527 337 1604 alii,
366 1525 607 1608 Mantuamque
632 1525 709 1589 ideo
739 1526 952 1604 nominatam,
974 1527 1071 1611 quod
1098 1527 1232 1594 Etrusca

126 1632 240 1714 lingua
256 1626 388 1691 Mantus
405 1628 467 1692 Dis
482 1633 578 1712 pater
593 1635 657 1704 est,
672 1629 726 1691 cui
748 1630 863 1691 urbem
886 1627 1107 1694 consecravit.
1152 1625 1237 1708 Que

127 1737 304 1816 sequuntur
318 1750 351 1794 v.
367 1728 541 1793 201-203
564 1733 574 1761 ‘
590 1727 733 1792 Mantua
749 1729 843 1792 dives
856 1731 947 1794 avis:
971 1729 1030 1793 sed
1044 1750 1113 1794 non
1133 1732 1234 1814 genus

126 1833 279 1898 omnibus
290 1851 410 1910 unum;
434 1829 525 1894 Gens
538 1830 587 1894 illi
601 1831 736 1912 triplex,
752 1830 869 1915 populi
883 1832 946 1894 sub
961 1838 1060 1912 gente
1074 1829 1235 1917 quaterni,⁸

127 1934 210 2019 Ipsa
224 1940 325 2018 ceput
339 1933 487 2018 populis,
501 1932 615 1997 Tusco
629 1932 671 1997 de
686 1936 842 2016 sanguine
861 1930 972 2010 vires,’
985 1932 1166 2016 plurimum
1178 1932 1236 1999 hai·

126 2039 205 2101 beat
219 2036 443 2101 obscuritatis
490 2034 598 2098 Servii
619 2036 699 2098 nota
726 2033 768 2097 ad
784 2053 816 2096 v.
831 2034 896 2098 201
918 2040 952 2098 et
973 2034 1043 2099 202
1056 2034 1235 2100 admodum

71 2170 76 2176 ·
126 2143 283 2220 corrupta
297 2143 331 2201 et
344 2139 487 2200 obscura
501 2143 563 2212 est,
579 2142 781 2220 etquantum
796 2136 943 2217 intelligo
963 2155 1007 2200 ex
1025 2136 1118 2200 binis
1138 2136 1235 2203 inter-l

124 2236 364 2320 pretationibus
384 2235 526 2301 diversis
553 2237 708 2300 conflata.
753 2235 871 2300 Altera
894 2237 983 2302 haec:
1006 2244 1044 2301 ut
1070 2236 1232 2302 ‘Manhrt

125 2344 191 2401 tres
208 2337 360 2401 habuerit
383 2338 498 2413 trihus,
517 2358 592 2420 quae
607 2338 642 2400 in
657 2345 832 2420 quaternas
853 2341 964 2402 curias
987 2338 1234 2404 dividebantm!

125 2439 182 2504 Ita
192 2439 335 2504 dicerem
349 2442 411 2503 sub
426 2437 600 2503 Gallorum
620 2438 838 2504 incursionem
864 2439 1025 2504 Etruscos
1050 2452 1095 2503 ex
1120 2440 1231 2505 ceteris

127 2557 170 2604 xi
187 2540 378 2605 civitatibus
395 2539 663 2624 circumpadanis
676 2541 849 2604 Mantuam
861 2542 1075 2618 confluxisse,
1087 2547 1123 2606 et
1133 2540 1235 2607 fuisse

123 2645 158 2706 in
182 2648 247 2705 tres
272 2643 377 2706 tribus
407 2641 603 2724 descriptos,
627 2662 766 2726 quarum
791 2661 933 2725 quaeque
956 2640 1236 2724 quatuordenae!

122 2745 266 2822 haberet,
282 2764 368 2828 quos
383 2740 543 2826 Virgilius
564 2741 696 2828 populor
711 2742 807 2806 dixit.
852 2743 977 2808 Verum
991 2745 1042 2807 sic
1062 2762 1131 2809 non
1143 2728 1233 2828 pote

16 2840 18 2845 ’
113 2851 174 2916 rat
189 2846 332 2911 Mantua
355 2846 422 2910 dici
450 2855 544 2928 ceput
568 2843 615 2907 Iris
636 2842 769 2927 populis.
814 2843 936 2926 Attigit
957 2846 1070 2909 locum
1094 2846 1153 2911 Jo.
1176 2845 1229 2911 Fr.

122 2945 313 3012 Gronovius
328 2946 371 3010 ad
388 2946 462 3009 Liv.
480 2963 515 3021 ν,
531 2946 584 3008 34.
599 2945 643 3007 35
657 2951 690 3007 ct
701 2953 823 3029 gentem
850 2945 1003 3030 triplicem
1026 2949 1151 3031 accipit
1164 2954 1228 3012 tres

122 3048 283 3129 regiones.
328 3046 437 3109 Docet
451 3045 508 3108 ille
522 3044 656 3127 quidem
667 3064 707 3108 eo
721 3046 796 3110 loco
811 3048 959 3128 copiose,
969 3052 1075 3132 genter
1088 3055 1124 3111 et
1133 3051 1234 3135 popuo'

122 3145 166 3210 los
182 3166 276 3230 saepe
291 3145 445 3230 conjungi
468 3144 558 3228 apud
584 3146 777 3228 scriptores,
793 3153 827 3210 et
839 3155 952 3231 patere
973 3155 1104 3230 gentem
1118 3151 1233 3228 latius,¹

122 3259 163 3313 ac
173 3266 273 3330 posse
288 3246 351 3310 sub
364 3264 401 3309 se
416 3245 687 3329 comprehendere
702 3249 810 3330 plures
825 3249 980 3332 populos,
995 3250 1038 3312 de
1052 3270 1120 3334 quo
1135 3270 1231 3317 nemo

120 3346 219 3412 facile
232 3345 368 3410 dubitet.
400 3344 525 3408 Verum
540 3345 614 3409 haec
630 3349 742 3410 omnia
755 3348 974 3429 Virgilianum
987 3350 1100 3415 locum
1113 3358 1232 3436 parum

120 3447 312 3535 expediunt.
358 3445 429 3510 Fac
453 3447 539 3509 enim
561 3447 625 3510 hoc
651 3448 697 3511 ita
723 3468 760 3510 se
781 3448 916 3513 hahere:
944 3450 1122 3516 Mantuam
1142 3453 1227 3538 (aut,

120 3548 210 3630 quod
235 3549 360 3624 malim
388 3567 502 3629 agrum
534 3549 766 3626 Mantuanum)
790 3550 948 3615 habuisse
976 3556 1044 3616 tres
1067 3556 1227 3637 regiones,

119 3668 259 3730 quarum
275 3666 416 3732 quaeque
437 3650 616 3714 contineret
638 3658 779 3733 quatuor
802 3654 947 3736 populos
960 3648 1019 3737 (hs
1034 3660 1230 3733 conventus,

118 3747 241 3829 δήμους),
258 3768 301 3811 an
316 3747 358 3812 de
371 3749 483 3830 prisco
499 3749 646 3814 Mantuae
662 3759 751 3817 statu
765 3754 816 3818 sic
830 3760 959 3818 constat
971 3754 1116 3820 melius'l
1139 3777 1182 3822 an
1194 3759 1229 3821 in

117 3856 229 3915 vetere
239 3849 377 3914 historia
391 3852 573 3934 quicquam
588 3860 651 3931 cst,
661 3855 751 3937 quod
762 3874 837 3920 cum
847 3875 889 3919 ea
899 3858 1138 3922 memoratione
1148 3878 1227 3924 σου·

116 3950 255 4015 sentiat?
295 3949 368 4015 Nec
389 3971 467 4017 vero
493 3974 607 4018 versus
631 3958 826 4038 praecedens
856 3961 1024 4024 convenit:
1056 3959 1226 4026 ‘Mantua

116 4051 212 4116 dives
226 4053 300 4115 avis
309 4050 329 4131 ;'
359 4053 438 4136 quid
461 4056 549 4119 euim
570 4055 623 4118 his
650 4076 728 4121 cum
747 4058 816 4121 illa·
830 4058 994 4124 divisione
1018 4062 1053 4124 in
1074 4046 1227 4144 regiones'

116 4164 290 4218 commune
305 4154 375 4218 estt
399 4153 574 4221 Cluverius
599 4157 634 4219 in
650 4157 725 4222 Ital.
746 4164 813 4222 ant.
836 4180 872 4242 p.
894 4161 972 4237 255,
994 4161 1057 4225 etsi
1080 4163 1223 4246 populos

116 4259 292 4336 quaternos
316 4275 451 4342 prorsus
476 4257 638 4340 explodit,
668 4262 824 4341 tanquam
852 4259 964 4344 potitae
992 4269 1228 4338 commentum‚'

116 4371 184 4435 quo
199 4356 350 4422 diversas
374 4356 532 4422 historias
555 4358 750 4442 compilatas
764 4360 948 4425 miscuerit:
977 4372 1100 4446 gentem
1115 4368 1225 4428 mmcd

116 4453 267 4537 triplicem
283 4458 435 4541 agrroscit
448 4464 482 4524 et
496 4458 539 4525 ad
554 4461 698 4545 triplices
709 4459 845 4528 colonos
856 4462 965 4542 refert,
975 4462 1035 4547 qui
1049 4461 1221 4529 Mantum
