2664 4686
388 343 440 401 nn
463 342 635 395 anninus
659 344 733 393 nra.
757 343 782 393 1.
1023 316 1112 397 m

114 491 198 559 ntis
213 489 368 566 crederet,
392 508 465 553 osse
489 484 602 552 verum
621 487 681 552 tilii
706 479 869 553 affectum.
913 486 1002 553 Saue
1024 482 1113 552 umor

92 591 158 657 'oria
170 598 222 656 est
244 593 344 655 etiam
358 609 450 655 amor
467 591 503 653 in
525 590 718 672 genitorem
739 597 773 655 et
786 596 824 654 ut
842 585 966 674 impleri
980 588 1112 674 qffieiam

92 714 142 770 ur,
169 693 225 756 eui
249 692 485 768 satisfacimus,
509 692 557 756 ita
571 711 659 754 amor
680 698 770 756 reete
783 691 913 757 videtur
927 692 1034 757 dictus
1053 693 1113 758 im·

92 844 99 872 ,
113 815 190 861 cum
206 795 336 859 debitus
349 813 442 858 amor
454 798 639 877 prastamr.
685 793 752 859 Sed
765 796 906 879 primum
919 796 981 858 toti
992 797 1113 862 rationi

92 918 145 962 sse
159 898 288 981 aliquid
301 899 411 962 coacti
425 917 466 961 ac
481 897 552 962 duri
562 898 706 983 videtur;
725 917 800 978 noo,
814 917 972 982 quorsum
978 906 1113 984 .mogan'e

92 1022 104 1065 r
123 1001 297 1085 pertineat,
322 999 430 1063 dioere
443 1002 478 1063 in
498 1005 629 1084 promtu
640 1005 713 1080 ost3
735 1006 769 1065 et
781 1000 899 1067 AEneoe
912 1000 1112 1067 desiderium

92 1120 121 1166 rs
133 1107 206 1166 erat
224 1100 434 1183 explendum,
457 1102 553 1186 cujus
567 1103 674 1169 omnis
697 1103 739 1166 in·
747 1100 896 1167 Ascanio
910 1116 990 1167 cura
1003 1103 1113 1168 stabat

92 1202 184 1267 imus
197 1202 352 1265 haerebat.
396 1200 548 1266 Ceterum
567 1202 704 1267 Servius
722 1204 832 1293 locum
852 1205 991 1269 obscure
1013 1204 1113 1270 intor'·

92 1306 167 1381 ttnr,
182 1320 245 1366 neo
260 1300 415 1367 Donatus
429 1302 484 1366 vel
498 1302 661 1388 Pompon.
676 1303 757 1370 Sab.
772 1305 952 1389 quidquam
958 1304 1089 1390 juvant.
1157 1368 1159 1374 .

408 1606 687 1623 ψ

274 1834 652 1914 EXCURSUS
693 1832 855 1911 xxvl.

93 2042 280 2108 vae-757.
303 2046 313 2076 ‘
330 2040 440 2106 Multa
454 2062 556 2127 super
570 2042 706 2108 Priamo
719 2043 879 2125 rogitans,
905 2060 1006 2126 super
1021 2041 1113 2118 Heo-

101 2144 228 2224 multa3
263 2142 375 2222 Nunc,
402 2146 523 2227 quibus
549 2143 690 2210 Aurorae
716 2144 862 2208 venisset
884 2142 971 2213 filius
995 2144 1114 2225 armis3

92 2264 126 2322 o,
162 2244 277 2328 quales
312 2244 488 2309 Diomedis
511 2249 607 2328 equi3
642 2263 741 2319 nune,
777 2245 920 2326 quantus
944 2240 1114 2309 Achilles!

92 2346 203 2407 nuonis
217 2345 270 2422 (de
286 2364 352 2427 quo
367 2344 435 2407 vid.
451 2345 592 2406 Excurs.
610 2359 684 2407 xix
700 2362 773 2426 sup.
788 2341 832 2406 ad
846 2341 925 2422 493)
948 2364 1037 2406 ormo
1051 2362 1114 2412 nac

92 2444 104 2508 l
129 2444 321 2520 Pindarum,
343 2464 404 2508 nec
427 2444 516 2526 apud
542 2443 666 2527 Dictyn
690 2449 724 2507 et
747 2440 911 2520 Quintum
934 2443 1115 2529 quidquam

92 2551 134 2610 nt
156 2545 331 2628 praecipui.
376 2544 478 2627 Apud
503 2543 689 2608 Hesiodum
710 2542 837 2625 Theog.
862 2544 929 2611 984
957 2544 1116 2608 Memnon

92 2652 262 2737 εοκοςυστὴς,
286 2647 344 2712 sed
368 2647 432 2712 hoc
455 2646 649 2729 simpliciter
674 2656 827 2726 armatus,
849 2653 885 2712 ut
906 2649 1034 2732 passim
1058 2647 1117 2714 alii

92 2749 139 2815 es.
185 2747 264 2812 Nisi
286 2750 397 2831 itaque
422 2747 523 2830 poeta
535 2748 683 2811 fabulam
703 2768 822 2832 pamm
836 2769 924 2813 nunc
938 2754 1049 2813 notam
1064 2770 1115 2816 se·

92 2870 109 2915 s
122 2857 183 2928 est,
209 2870 270 2914 nec
285 2849 543 2914 commentitium
555 2853 616 2927 est,
642 2849 731 2933 quod
756 2851 791 2913 in
804 2849 973 2913 Servianis
987 2851 1115 2932 legitur,

92 2950 312 3015 domefacta
335 2949 436 3013 serisso
460 2950 493 3013 ei
518 2969 629 3028 anna3
651 2951 695 3014 ad
719 2951 928 3013 barbaricum
951 2951 1117 3015 exereitus

92 3052 199 3117 monii
222 3038 427 3133 apparatum,
452 3071 473 3114 a
495 3049 642 3134 Trojano
666 3071 755 3114 more
779 3052 956 3127 diversum,
979 3049 1117 3114 referen-

103 3158 169 3217 eet.
214 3151 268 3215 Cf.
285 3152 407 3238 Dictyn
420 3170 470 3230 ιν,
491 3154 561 3216 det
572 3155 605 3218 5.
651 3151 831 3232 Quodnisi
847 3152 988 3235 probaro
1006 3150 1116 3228 malis,

92 3254 210 3339 pianda
223 3258 325 3321 verba
347 3261 422 3320 sunt
448 3255 651 3339 simpliciter,
676 3261 714 3318 ut
735 3256 779 3319 sit
792 3255 923 3319 variata
935 3253 1041 3316 oratio
1055 3272 1118 3336 pro

92 3358 162 3422 ari':
187 3359 315 3422 ‘multa
338 3360 627 3441 rogitans-porro
650 3377 752 3441 super
775 3355 960 3432 Memnone,
986 3344 1020 3418 e't
1035 3353 1120 3419 Dio·

92 3464 161 3522 eet
175 3457 329 3523 Achille!
373 3458 499 3523 Similis
522 3459 630 3524 sonna
652 3458 812 3522 orationis
837 3454 910 3520 Eol.
928 3471 979 3532 vr,
999 3455 1054 3521 80.
1074 3454 1118 3521 81

92 3577 121 3624 ιο
145 3578 245 3624 cursu
268 3560 398 3625 deserta
416 3561 580 3643 petiverit,
595 3560 663 3636 {aut
686 3561 806 3641 quibus
830 3560 903 3620 ante
922 3555 1043 3621 Infelix
1057 3546 1119 3622 sua

92 3683 101 3725 ι
128 3662 417 3745 supervolitaverit
446 3661 530 3740 alis}
558 3682 628 3746 pro,
658 3661 824 3777 quomodo
847 3659 902 3723 illo
926 3656 1118 3734 narraverit,

92 3760 292 3827 nadmodum
304 3761 488 3826 Philomela
510 3762 651 3845 primum
674 3763 709 3825 in
724 3761 873 3826 solitaria
890 3760 969 3824 loca
989 3759 1119 3842 fugerit,

92 3880 202 3939 voro,
225 3861 482 3926 inhirundiuem
495 3866 633 3938 mutata,
658 3863 800 3945 pristina
814 3881 877 3925 sua
894 3858 985 3925 tecta
1004 3854 1120 3922 iterim

92 3962 157 4037 erit,
181 3967 214 4025 et
232 3963 356 4027 circum
369 3981 410 4026 ea
423 3962 595 4027 volaverit.
640 3960 719 4040 Sed,
742 3964 827 4027 utin
840 3960 953 4026 nostro
967 3954 1120 4023 AEneidie

92 4058 236 4125 'rationi
260 4062 442 4145 propositae
467 4082 533 4125 non
558 4063 641 4127 satis
664 4063 839 4141 confidam,
864 4063 946 4127 saoit
965 4052 1120 4144 primum,

92 4158 385 4246 dodameuprav
399 4164 501 4231 493⁴
513 4160 922 4247 nigriMemnoniearina'
943 4163 1122 4226 memorata
