2664 4686
122 282 209 347 4134
548 290 751 350 'excussos
772 300 798 349 r.
885 298 891 305 ·

126 445 230 510 altera
243 443 287 508 ad
306 465 339 508 v.
354 444 396 509 17
410 464 455 508 ex
470 443 644 509 Herodoto
657 445 680 510 l.
695 442 744 528 c.)
786 444 825 509 Sl
842 447 975 513 mirerls
989 449 1089 528 sorte,
1109 470 1161 517 our
1173 454 1207 517 h

127 554 176 612 ter
189 544 409 629 Trojanorum
424 546 535 610 socios
549 549 592 611 ab
608 547 759 612 Homero
773 548 821 613 illi
833 548 968 616 Crusaei
981 572 1056 618 non
1068 556 1211 621 menam

125 649 203 726 sint,
225 648 412 727 tenendum,
443 668 503 713 eos
525 650 561 714 in
589 649 751 714 Paeonum
771 652 905 715 nomine
928 654 1038 721 latere
1061 657 1161 723 videri
1180 659 1212 722 rb

125 747 218 814 Axio
240 751 274 815 fl.
299 759 458 816 evocatos
474 752 573 816 Iliad.
589 758 628 829 B,
642 754 719 821 8⁴8,
729 773 782 836 sq.
828 753 869 817 ln
884 754 1030 823 Pallene
1047 759 1159 825 mnes
1170 778 1216 845 np-

107 854 256 939 apulsum
296 855 397 917 etiarn
435 854 582 918 collocat
611 854 810 938 Lycophron
838 856 1082 925 raso-1238.
1136 860 1217 937 Nn,

124 975 225 1041 quam
246 957 301 1020 ille
324 958 494 1021 habitasse
516 955 647 1033 dicitur,
674 954 830 1023 Ithacelor
852 959 897 1023 ad
923 959 1072 1027 Cissnm
1095 970 1219 1029 nonu

125 1061 214 1125 circa
229 1060 437 1123 AEniamsita
450 1078 523 1123 esse
538 1059 663 1123 debuit.
707 1058 752 1124 V.
769 1059 882 1124 Schol.
896 1061 942 1125 ad
959 1081 991 1127 e.
1007 1063 1034 1127 l.
1049 1070 1085 1129 et
1098 1060 1220 1131 Notat

30 1188 38 1197 ·
125 1163 241 1245 Steph.
262 1164 293 1227 h.
323 1180 358 1227 v,
385 1168 418 1225 et
439 1180 519 1224 mox
544 1158 722 1245 Almopiom
744 1182 807 1245 pro
831 1162 1045 1230 Macedonia
1068 1170 1222 1231 mmorrl.

128 1264 229 1328 Hanc
256 1266 390 1327 AEniam
423 1260 581 1325 AEueodos
610 1282 745 1348 quoque
770 1265 960 1347 appellatas
988 1267 1172 1354 (Almr‘rlu)
1190 1288 1225 1335 ex
1264 1328 1266 1349 ,

124 1365 273 1441 Tbeone
297 1373 404 1429 vetere
417 1365 649 1450 Lycophronis
665 1366 862 1451 Scholiasta,
876 1370 1012 1434 nomvit
1023 1369 1225 1457 Stephllyn

127 1468 162 1532 in
176 1462 281 1531 Αἴνεια.
327 1466 458 1531 Habuit
480 1469 553 1533 haec
579 1467 682 1530 AEnia
707 1467 860 1532 Pallenes
882 1487 1068 1536 commune
1085 1473 1227 1538 hoem

120 1570 243 1647 alten,
265 1591 342 1654 quae
358 1571 464 1634 AEnos
477 1570 580 1648 diets,
595 1570 685 1654 quod
698 1575 732 1634 et
746 1569 882 1634 Pallene
897 1572 1021 1654 priscis
1032 1574 1228 1659 tempnunt

128 1692 149 1734 a
164 1671 353 1735 Thracibus
376 1673 439 1735 suit
452 1673 612 1735 habitata.
660 1671 775 1735 Facile
800 1672 915 1754 itaque
938 1674 1124 1759 utriusque
1147 1674 1227 1740 mos

125 1775 217 1854 origo
247 1773 290 1836 ad
316 1773 456 1836 AEneam
483 1780 632 1836 nostrum
654 1773 766 1836 referri
792 1774 920 1856 potuit3
953 1775 1019 1839 etsi
1045 1777 1155 1842 altera
1178 1774 1229 1841 tlh

126 1874 279 1939 'l'hraciae
306 1874 414 1937 AEnus
438 1875 509 1957 jam
524 1880 599 1937 ante
624 1872 767 1937 AEneam
789 1873 918 1954 floruit3
940 1875 1116 1959 siquidem
1136 1898 1181 1943 ex
1193 1894 1229 1941 es

126 1973 264 2063 (Αἰνόθεν)
278 1975 444 2059 Pirosad
465 1974 603 2058 Trojam
623 1976 695 2059 jam
724 1982 800 2040 ante
822 1975 914 2039 urbis
939 1996 1062 2041 casum
1089 1978 1229 2045 adfru’m

129 2084 328 2146 memoratur
341 2078 441 2144 Iliad.
458 2088 497 2156 Δ,
519 2079 597 2156 520,
620 2083 654 2142 et
669 2083 856 2143 accesserat
869 2077 914 2141 ad
936 2096 1013 2145 eam
1031 2080 1231 2156 Hoecnlm

127 2181 232 2266 'l'roja
245 2182 387 2247 reduxa
404 2180 518 2266 Poltye
541 2181 685 2263 hospitio
706 2186 887 2263 exceptus:
910 2178 1077 2263 Apollod.¹
1099 2180 1228 2262 HM,

129 2305 164 2367 p.
178 2284 254 2348 181.
278 2282 332 2348 Os.
348 2283 431 2347 Not.
461 2303 495 2365 p.
521 2281 598 2346 384.
644 2281 728 2345 Sunt
752 2287 862 2345 autem
887 2283 972 2346 tales
1001 2282 1101 2348 eirca
1124 2282 1231 2348 sinuli·

127 2385 268 2450 nominis
282 2386 382 2448 urbes
395 2402 521 2448 errores
531 2385 613 2446 satis
627 2384 830 2465 frequentes3
854 2389 891 2447 ut
903 2384 939 2446 in
948 2384 1014 2447 hoc
1027 2384 1111 2467 ipso
1125 2402 1229 2450 exa·

128 2487 186 2570 plo
214 2507 249 2550 re
274 2488 405 2551 inversa
430 2484 548 2548 Conon
571 2483 672 2548 Narr.
697 2486 742 2549 46
771 2484 925 2548 Pallenes
948 2485 1087 2549 AEniarn
1113 2487 1229 2551 ΜΕ

129 2584 331 2670 appellatam
344 2570 430 2664 vult3
452 2590 485 2647 et
497 2585 619 2649 Tzetza
634 2586 678 2648 ad
694 2585 860 2668 Lycophr.
876 2586 899 2649 l.
915 2605 946 2650 c.
967 2592 1147 2671 unamque
1159 2605 1229 2652 coo·

128 2687 247 2753 tundit.
300 2686 443 2768 Virgilio
472 2691 605 2768 propter
633 2685 832 2768 Episodium
861 2685 903 2749 de
928 2685 1091 2771 Polydori
1122 2688 1231 2753 umhrr

128 2789 232 2854 multo
257 2788 474 2872 opportunior
497 2793 568 2850 erat
590 2786 695 2851 altera
719 2785 761 2848 de
789 2788 878 2851 AEno
900 2786 1055 2853 Thraciae
1077 2788 1227 2863 mnam,

128 2911 269 2975 eamque
294 2889 381 2954 adeo
404 2895 539 2954 secutus
562 2894 622 2954 est.
668 2888 804 2973 Quippe
822 2891 885 2954 suit
908 2891 1034 2973 etipsa
1054 2894 1138 2956 urhs
1157 2892 1230 2956 olim

129 3012 195 3058 non
208 2994 361 3070 obseura,
384 2992 518 3057 condita
537 3006 621 3057 mox
644 2991 763 3057 itemm
786 2993 828 3054 ab
854 2991 1020 3070 AEolibus,
1043 3012 1105 3056 seu
1121 2992 1228 3057 Cumis
1257 3018 1260 3023 ·

130 3116 190 3161 seu
207 3096 366 3181 thlene
390 3095 549 3163 oriundis.
594 3095 639 3160 V.
655 3095 769 3178 Steph.
791 3095 874 3179 Byz.
897 3096 931 3157 in
956 3092 1047 3169 Alvos,
1071 3094 1230 3180 Scymnus

130 3197 233 3262 Chius
247 3198 323 3275 695,
346 3203 379 3262 et
394 3197 595 3280 Harpocrat.
610 3198 644 3260 in
658 3198 774 3260 eodem
794 3215 871 3260 voc.
895 3216 938 3260 ex
964 3196 1116 3279 Ephoro.
1160 3198 1228 3263 Ser·

128 3301 204 3362 vius
220 3298 263 3361 ad
278 3318 311 3361 v.
326 3298 371 3361 19
383 3297 416 3361 h.
430 3297 454 3361 l.
471 3298 555 3362 alios
568 3298 661 3361 urbis
675 3317 792 3362 nomen
803 3300 845 3361 ab
860 3299 961 3375 AEno,
977 3297 1116 3381 Ulyssis
1130 3298 1227 3371 socio,

128 3401 319 3476 deduxisse,
334 3418 379 3463 ex
395 3398 603 3482 Euphorione
617 3405 651 3463 et
665 3398 872 3464 Callimacho
887 3408 1134 3465 commemorat.
1178 3393 1227 3463 Ad

128 3501 265 3564 eandem
294 3507 444 3583 spectare
466 3500 607 3577 videtur,
630 3501 721 3584 quod
746 3500 837 3584 apud
860 3501 1008 3565 Pausan.
1033 3506 1087 3566 est
1111 3499 1227 3577 vind,

129 3625 163 3688 p.
189 3604 266 3680 530,
289 3604 346 3666 ubi
374 3602 478 3666 Samii
505 3602 551 3669 nh
574 3601 744 3668 Androclo
768 3615 802 3667 et
824 3602 981 3685 Ephesiis
1007 3602 1120 3668 insula
1139 3599 1229 3686 ejece·

129 3705 249 3789 partim
264 3704 502 3769 Samothracen
516 3705 638 3782 abiere,
660 3705 779 3788 purtim
793 3704 971 3769 consedere
979 3705 1042 3789 περὶ
1054 3702 1175 3768 Ahala
1185 3704 1230 3777 τὺ

129 3810 156 3868 ὲν
168 3811 205 3891 τῇ
219 3804 320 3889 ἠπείρῳ
334 3811 367 3889 τῇ
378 3805 464 3890 πέραν
477 3803 650 3888 βαλλόμενοι
665 3810 780 3890 nixos:
803 3826 867 3869 scr.
882 3803 1001 3868 Aluan.

174 3909 215 3972 In
228 3907 383 3983 mana,
397 3908 461 3971 hoe
474 3917 536 3986 est,
557 3909 702 3986 Pallene,
726 3908 868 3972 AEueam
881 3909 985 3973 vitam
999 3906 1141 3990 finiisse
1155 3926 1233 3974 ιω·

131 4010 213 4073 nulli
227 4010 306 4073 olim
329 4004 532 4073 nadihrant
554 4011 646 4094 apud
673 4011 815 4095 Dionys.
843 4011 956 4076 Halic.
980 4027 1007 4088 ι,
1029 4012 1088 4089 49,
1110 4014 1233 4078 sinte
