<?xml version="1.0" encoding="UTF-8"?>
<!DOCTYPE html PUBLIC "-//W3C//DTD XHTML 1.0 Transitional//EN"
    "http://www.w3.org/TR/xhtml1/DTD/xhtml1-transitional.dtd">
<html xmlns="http://www.w3.org/1999/xhtml" xml:lang="en" lang="en">
 <head>
  <title>
</title>
<meta http-equiv="Content-Type" content="text/html;charset=utf-8" />
  <meta name='ocr-system' content='tesseract 3.04.00' />
  <meta name='ocr-capabilities' content='ocr_page ocr_carea ocr_par ocr_line ocrx_word'/>
</head>
<body>
  <div class='ocr_page' id='page_1' title='image "./pvirgiliimaroni00virggoog/pvirgiliimaroni00virggoog_0463.png"; bbox 0 0 2664 4686; ppageno 0'>
   <div class='ocr_carea' id='block_1_1' title="bbox 93 319 875 383">
    <p class='ocr_par' dir='ltr' id='par_1_1' title="bbox 93 319 875 383">
     <span class='ocr_line' id='line_1_1' title="bbox 93 319 875 383; baseline -0.004 -1"><span class='ocrx_word' id='word_1_1' title='bbox 93 319 196 383; x_wconf 59' lang='lat' dir='ltr'><strong>ello</strong></span> <span class='ocrx_word' id='word_1_2' title='bbox 445 329 638 380; x_wconf 79' lang='lat' dir='ltr'><strong>nscnusos</strong></span> <span class='ocrx_word' id='word_1_3' title='bbox 662 328 875 381; x_wconf 85' lang='lat' dir='ltr'><strong>norrronorr</strong></span> 
     </span>
    </p>
   </div>
   <div class='ocr_carea' id='block_1_2' title="bbox 58 471 1244 4103">
    <p class='ocr_par' dir='ltr' id='par_1_2' title="bbox 150 471 1202 838">
     <span class='ocr_line' id='line_1_2' title="bbox 152 471 1200 550; baseline -0.004 -15"><span class='ocrx_word' id='word_1_4' title='bbox 152 475 325 535; x_wconf 70' lang='lat' dir='ltr'>parisienses</span> <span class='ocrx_word' id='word_1_5' title='bbox 340 472 369 533; x_wconf 95' lang='lat' dir='ltr'><strong>iu</strong></span> <span class='ocrx_word' id='word_1_6' title='bbox 382 472 548 532; x_wconf 89' lang='lat' dir='ltr'><strong>scholarum</strong></span> <span class='ocrx_word' id='word_1_7' title='bbox 563 491 647 531; x_wconf 89' lang='lat' dir='ltr'><strong>usum</strong></span> <span class='ocrx_word' id='word_1_8' title='bbox 662 480 773 550; x_wconf 72' lang='lat' dir='ltr'><strong>parata</strong></span> <span class='ocrx_word' id='word_1_9' title='bbox 785 491 850 532; x_wconf 90' lang='lat' dir='ltr'><strong>esse</strong></span> <span class='ocrx_word' id='word_1_10' title='bbox 864 471 1027 532; x_wconf 68' lang='lat' dir='ltr'><strong>videntur!</strong></span> <span class='ocrx_word' id='word_1_11' title='bbox 1069 472 1200 535; x_wconf 78' lang='lat' dir='ltr'><strong>Hactenus</strong></span> 
     </span>
     <span class='ocr_line' id='line_1_3' title="bbox 151 567 1200 650; baseline -0.002 -20"><span class='ocrx_word' id='word_1_12' title='bbox 151 573 290 650; x_wconf 88' lang='lat' dir='ltr'><strong>Heynius.</strong></span> <span class='ocrx_word' id='word_1_13' title='bbox 323 570 462 648; x_wconf 80' lang='lat' dir='ltr'>Princeps</span> <span class='ocrx_word' id='word_1_14' title='bbox 487 580 604 629; x_wconf 88' lang='lat' dir='ltr'><strong>curator</strong></span> <span class='ocrx_word' id='word_1_15' title='bbox 617 568 728 648; x_wconf 77' lang='lat' dir='ltr'><strong>Virgilii</strong></span> <span class='ocrx_word' id='word_1_16' title='bbox 749 578 795 629; x_wconf 87' lang='lat' dir='ltr'><strong>est</strong></span> <span class='ocrx_word' id='word_1_17' title='bbox 815 570 865 629; x_wconf 78' lang='lat' dir='ltr'><strong>Jo.</strong></span> <span class='ocrx_word' id='word_1_18' title='bbox 879 567 1018 628; x_wconf 79' lang='lat' dir='ltr'><strong>Andreas</strong></span> <span class='ocrx_word' id='word_1_19' title='bbox 1033 569 1134 648; x_wconf 84' lang='lat' dir='ltr'><strong>Episc.</strong></span> <span class='ocrx_word' id='word_1_20' title='bbox 1148 571 1200 629; x_wconf 76' lang='lat' dir='ltr'><strong>Ale</strong></span> 
     </span>
     <span class='ocr_line' id='line_1_4' title="bbox 150 664 1202 744; baseline -0.002 -19"><span class='ocrx_word' id='word_1_21' title='bbox 150 667 259 738; x_wconf 88' lang='lat' dir='ltr'><strong>riensis,</strong></span> <span class='ocrx_word' id='word_1_22' title='bbox 274 667 323 744; x_wconf 93' lang='lat' dir='ltr'><strong>qui</strong></span> <span class='ocrx_word' id='word_1_23' title='bbox 334 668 474 726; x_wconf 72' lang='lat' dir='ltr'><strong>Romanas</strong></span> <span class='ocrx_word' id='word_1_24' title='bbox 492 681 513 726; x_wconf 88' lang='lat' dir='ltr'><strong>r.</strong></span> <span class='ocrx_word' id='word_1_25' title='bbox 527 676 556 725; x_wconf 87' lang='lat' dir='ltr'><strong>et</strong></span> <span class='ocrx_word' id='word_1_26' title='bbox 572 686 635 742; x_wconf 89' lang='lat' dir='ltr'><strong>seq.</strong></span> <span class='ocrx_word' id='word_1_27' title='bbox 650 665 786 744; x_wconf 71' lang='lat' dir='ltr'><strong>prael&#39;uitr</strong></span> <span class='ocrx_word' id='word_1_28' title='bbox 802 664 1036 724; x_wconf 82' lang='lat' dir='ltr'><strong>Mediolanensis</strong></span> <span class='ocrx_word' id='word_1_29' title='bbox 1051 681 1076 725; x_wconf 84' lang='lat'><strong>1.</strong></span> <span class='ocrx_word' id='word_1_30' title='bbox 1090 665 1202 725; x_wconf 67' lang='lat' dir='ltr'><strong>mona</strong></span> 
     </span>
     <span class='ocr_line' id='line_1_5' title="bbox 152 760 1200 838; baseline 0.001 -18"><span class='ocrx_word' id='word_1_31' title='bbox 152 762 351 832; x_wconf 85' lang='lat' dir='ltr'><strong>lliombritius,</strong></span> <span class='ocrx_word' id='word_1_32' title='bbox 382 782 469 838; x_wconf 92' lang='lat' dir='ltr'><strong>quem</strong></span> <span class='ocrx_word' id='word_1_33' title='bbox 493 770 613 821; x_wconf 86' lang='lat' dir='ltr'><strong>secutus</strong></span> <span class='ocrx_word' id='word_1_34' title='bbox 638 769 681 820; x_wconf 91' lang='lat' dir='ltr'><strong>est</strong></span> <span class='ocrx_word' id='word_1_35' title='bbox 705 763 775 819; x_wconf 81' lang='lat' dir='ltr'><strong>Ant.</strong></span> <span class='ocrx_word' id='word_1_36' title='bbox 797 760 944 834; x_wconf 87' lang='lat' dir='ltr'><strong>Zarottus,</strong></span> <span class='ocrx_word' id='word_1_37' title='bbox 964 770 998 820; x_wconf 90' lang='lat' dir='ltr'><strong>et</strong></span> <span class='ocrx_word' id='word_1_38' title='bbox 1021 760 1200 821; x_wconf 75' lang='lat' dir='ltr'><strong>Pmisiesmn</strong></span> 
     </span>
    </p>

    <p class='ocr_par' dir='ltr' id='par_1_3' title="bbox 115 856 1244 917">
     <span class='ocr_line' id='line_1_6' title="bbox 115 856 1244 917; baseline 0.001 -4"><span class='ocrx_word' id='word_1_39' title='bbox 115 906 133 913; x_wconf 89' lang='lat'><strong>..</strong></span> <span class='ocrx_word' id='word_1_40' title='bbox 151 857 256 917; x_wconf 89' lang='lat' dir='ltr'><strong>Paulus</strong></span> <span class='ocrx_word' id='word_1_41' title='bbox 271 856 446 917; x_wconf 80' lang='lat' dir='ltr'><strong>Malleolus:</strong></span> <span class='ocrx_word' id='word_1_42' title='bbox 468 856 556 916; x_wconf 90' lang='lat' dir='ltr'><strong>ceteri</strong></span> <span class='ocrx_word' id='word_1_43' title='bbox 571 856 678 916; x_wconf 88' lang='lat' dir='ltr'><strong>diserte</strong></span> <span class='ocrx_word' id='word_1_44' title='bbox 692 875 751 914; x_wconf 94' lang='lat' dir='ltr'><strong>non</strong></span> <span class='ocrx_word' id='word_1_45' title='bbox 765 865 976 915; x_wconf 85' lang='lat' dir='ltr'><strong>memorantur.</strong></span> <span class='ocrx_word' id='word_1_46' title='bbox 1002 857 1138 917; x_wconf 80' lang='lat' dir='ltr'><strong>.AEneidi</strong></span> <span class='ocrx_word' id='word_1_47' title='bbox 1150 858 1202 915; x_wconf 83' lang='lat' dir='ltr'><strong>Vir·</strong></span> <span class='ocrx_word' id='word_1_48' title='bbox 1242 872 1244 897; x_wconf 81' lang='lat'><strong>¹</strong></span> 
     </span>
    </p>

    <p class='ocr_par' dir='ltr' id='par_1_4' title="bbox 116 951 1202 1511">
     <span class='ocr_line' id='line_1_7' title="bbox 116 951 1201 1031; baseline -0.005 -17"><span class='ocrx_word' id='word_1_49' title='bbox 116 1005 123 1014; x_wconf 95' lang='lat'>.</span> <span class='ocrx_word' id='word_1_50' title='bbox 149 953 265 1031; x_wconf 72' lang='lat' dir='ltr'><strong>giliensi</strong></span> <span class='ocrx_word' id='word_1_51' title='bbox 289 954 333 1014; x_wconf 88' lang='lat' dir='ltr'><strong>dc.</strong></span> <span class='ocrx_word' id='word_1_52' title='bbox 351 974 405 1014; x_wconf 89' lang='lat' dir='ltr'><strong>suo</strong></span> <span class='ocrx_word' id='word_1_53' title='bbox 428 952 544 1012; x_wconf 81' lang='lat' dir='ltr'><strong>addidit</strong></span> <span class='ocrx_word' id='word_1_54' title='bbox 558 953 676 1012; x_wconf 80' lang='lat' dir='ltr'><strong>librum</strong></span> <span class='ocrx_word' id='word_1_55' title='bbox 691 967 774 1012; x_wconf 85' lang='lat' dir='ltr'><strong>xm.</strong></span> <span class='ocrx_word' id='word_1_56' title='bbox 795 952 954 1030; x_wconf 79' lang='lat' dir='ltr'><strong>blaplroeus</strong></span> <span class='ocrx_word' id='word_1_57' title='bbox 968 951 1096 1030; x_wconf 86' lang='lat' dir='ltr'><strong>Vegius,</strong></span> <span class='ocrx_word' id='word_1_58' title='bbox 1112 951 1201 1028; x_wconf 84' lang='lat' dir='ltr'><strong>jsrrin</strong></span> 
     </span>
     <span class='ocr_line' id='line_1_8' title="bbox 151 1045 1200 1134; baseline -0.004 -26"><span class='ocrx_word' id='word_1_59' title='bbox 151 1052 262 1112; x_wconf 83' lang='lat' dir='ltr'><strong>Veneta</strong></span> <span class='ocrx_word' id='word_1_60' title='bbox 278 1067 316 1112; x_wconf 86' lang='grc'><strong>11.</strong></span> <span class='ocrx_word' id='word_1_61' title='bbox 341 1051 381 1109; x_wconf 94' lang='lat' dir='ltr'><strong>illi</strong></span> <span class='ocrx_word' id='word_1_62' title='bbox 399 1050 547 1126; x_wconf 89' lang='lat' dir='ltr'><strong>junctum.</strong></span> <span class='ocrx_word' id='word_1_63' title='bbox 589 1047 715 1117; x_wconf 88' lang='lat' dir='ltr'><strong>Servius,</strong></span> <span class='ocrx_word' id='word_1_64' title='bbox 737 1066 813 1105; x_wconf 87' lang='lat' dir='ltr'><strong>auno</strong></span> <span class='ocrx_word' id='word_1_65' title='bbox 841 1056 929 1134; x_wconf 61' lang='lat' dir='ltr'><strong>lm·</strong></span> <span class='ocrx_word' id='word_1_66' title='bbox 956 1045 1089 1124; x_wconf 90' lang='lat' dir='ltr'><strong>primum</strong></span> <span class='ocrx_word' id='word_1_67' title='bbox 1111 1046 1200 1116; x_wconf 86' lang='lat' dir='ltr'><strong>editus,</strong></span> 
     </span>
     <span class='ocr_line' id='line_1_9' title="bbox 149 1139 1202 1219; baseline -0.006 -16"><span class='ocrx_word' id='word_1_68' title='bbox 149 1147 349 1207; x_wconf 74' lang='lat' dir='ltr'><strong>emendatores</strong></span> <span class='ocrx_word' id='word_1_69' title='bbox 374 1146 483 1205; x_wconf 86' lang='lat' dir='ltr'><strong>incenit</strong></span> <span class='ocrx_word' id='word_1_70' title='bbox 507 1142 689 1202; x_wconf 85' lang='lat' dir='ltr'><strong>Ludovicum</strong></span> <span class='ocrx_word' id='word_1_71' title='bbox 715 1141 899 1217; x_wconf 74' lang='lat' dir='ltr'><strong>Carbonem,¹</strong></span> <span class='ocrx_word' id='word_1_72' title='bbox 917 1139 1092 1219; x_wconf 81' lang='lat' dir='ltr'><strong>Baptistam</strong></span> <span class='ocrx_word' id='word_1_73' title='bbox 1111 1141 1202 1201; x_wconf 85' lang='lat' dir='ltr'><strong>Garri·</strong></span> 
     </span>
     <span class='ocr_line' id='line_1_10' title="bbox 151 1237 1202 1316; baseline -0.004 -17"><span class='ocrx_word' id='word_1_74' title='bbox 151 1262 230 1314; x_wconf 92' lang='lat' dir='ltr'><strong>num,</strong></span> <span class='ocrx_word' id='word_1_75' title='bbox 253 1243 371 1303; x_wconf 88' lang='lat' dir='ltr'><strong>Petrum</strong></span> <span class='ocrx_word' id='word_1_76' title='bbox 393 1241 568 1310; x_wconf 72' lang='lat' dir='ltr'><strong>(leoninum,</strong></span> <span class='ocrx_word' id='word_1_77' title='bbox 589 1241 732 1300; x_wconf 86' lang='lat' dir='ltr'><strong>Joanuem</strong></span> <span class='ocrx_word' id='word_1_78' title='bbox 757 1237 983 1316; x_wconf 75' lang='lat' dir='ltr'><strong>calphurnium,</strong></span> <span class='ocrx_word' id='word_1_79' title='bbox 1006 1247 1039 1297; x_wconf 86' lang='lat' dir='ltr'><strong>et</strong></span> <span class='ocrx_word' id='word_1_80' title='bbox 1066 1237 1140 1297; x_wconf 84' lang='lat' dir='ltr'><strong>l’lril.</strong></span> <span class='ocrx_word' id='word_1_81' title='bbox 1161 1238 1202 1295; x_wconf 80' lang='lat' dir='ltr'><strong>lle</strong></span> 
     </span>
     <span class='ocr_line' id='line_1_11' title="bbox 149 1333 1202 1410; baseline -0.003 -16"><span class='ocrx_word' id='word_1_82' title='bbox 149 1336 292 1397; x_wconf 89' lang='lat' dir='ltr'><strong>roaldum.</strong></span> <span class='ocrx_word' id='word_1_83' title='bbox 334 1337 487 1397; x_wconf 80' lang='lat' dir='ltr'><strong>Veteribus</strong></span> <span class='ocrx_word' id='word_1_84' title='bbox 504 1334 790 1396; x_wconf 80' lang='lat' dir='ltr'><strong>commentatoribus</strong></span> <span class='ocrx_word' id='word_1_85' title='bbox 805 1334 905 1393; x_wconf 77' lang='lat' dir='ltr'><strong>Servio</strong></span> <span class='ocrx_word' id='word_1_86' title='bbox 916 1341 949 1392; x_wconf 92' lang='lat' dir='ltr'><strong>et</strong></span> <span class='ocrx_word' id='word_1_87' title='bbox 960 1335 1086 1393; x_wconf 73' lang='lat' dir='ltr'><strong>Donato</strong></span> <span class='ocrx_word' id='word_1_88' title='bbox 1093 1333 1202 1410; x_wconf 81' lang='lat' dir='ltr'><strong>junxere</strong></span> 
     </span>
     <span class='ocr_line' id='line_1_12' title="bbox 150 1428 1202 1511; baseline -0.005 -21"><span class='ocrx_word' id='word_1_89' title='bbox 150 1450 179 1490; x_wconf 85' lang='lat' dir='ltr'><strong>se</strong></span> <span class='ocrx_word' id='word_1_90' title='bbox 189 1433 362 1492; x_wconf 85' lang='lat' dir='ltr'><strong>recentiores</strong></span> <span class='ocrx_word' id='word_1_91' title='bbox 372 1429 777 1511; x_wconf 85' lang='lat' dir='ltr'><strong>Christoplrorus&#39;Landinus,</strong></span> <span class='ocrx_word' id='word_1_92' title='bbox 790 1429 900 1489; x_wconf 90' lang='lat' dir='ltr'><strong>Domit.</strong></span> <span class='ocrx_word' id='word_1_93' title='bbox 915 1428 1112 1500; x_wconf 86' lang='lat' dir='ltr'><strong>Calderinus,</strong></span> <span class='ocrx_word' id='word_1_94' title='bbox 1125 1429 1202 1490; x_wconf 78' lang='lat' dir='ltr'><strong>Julius</strong></span> 
     </span>
    </p>

    <p class='ocr_par' dir='ltr' id='par_1_5' title="bbox 113 1525 1202 1684">
     <span class='ocr_line' id='line_1_13' title="bbox 113 1525 1202 1604; baseline -0.003 -19"><span class='ocrx_word' id='word_1_95' title='bbox 113 1554 121 1571; x_wconf 59' lang='grc' dir='ltr'><em>ι</em></span> <span class='ocrx_word' id='word_1_96' title='bbox 148 1526 326 1604; x_wconf 75' lang='lat' dir='ltr'><strong>Pomponius</strong></span> <span class='ocrx_word' id='word_1_97' title='bbox 338 1526 462 1588; x_wconf 85' lang='lat' dir='ltr'><strong>Sabinus</strong></span> <span class='ocrx_word' id='word_1_98' title='bbox 481 1527 565 1603; x_wconf 88' lang='lat' dir='ltr'><strong>(alias</strong></span> <span class='ocrx_word' id='word_1_99' title='bbox 581 1529 701 1600; x_wconf 67' lang='lat' dir='ltr'><strong>bretun)</strong></span> <span class='ocrx_word' id='word_1_100' title='bbox 723 1525 870 1586; x_wconf 75' lang='lat' dir='ltr'><strong>Antonius</strong></span> <span class='ocrx_word' id='word_1_101' title='bbox 886 1525 1077 1596; x_wconf 85' lang='lat' dir='ltr'><strong>Mancinelli,</strong></span> <span class='ocrx_word' id='word_1_102' title='bbox 1100 1535 1130 1585; x_wconf 90' lang='lat' dir='ltr'><strong>et</strong></span> <span class='ocrx_word' id='word_1_103' title='bbox 1141 1525 1202 1585; x_wconf 87' lang='lat' dir='ltr'><strong>ller·</strong></span> 
     </span>
     <span class='ocr_line' id='line_1_14' title="bbox 150 1624 448 1684; baseline 0 -2"><span class='ocrx_word' id='word_1_104' title='bbox 150 1641 227 1683; x_wconf 86' lang='lat' dir='ltr'><strong>marr.</strong></span> <span class='ocrx_word' id='word_1_105' title='bbox 246 1624 448 1684; x_wconf 86' lang='lat' dir='ltr'><strong>Torrentinus.</strong></span> 
     </span>
    </p>

    <p class='ocr_par' dir='ltr' id='par_1_6' title="bbox 114 1715 1202 1985">
     <span class='ocr_line' id='line_1_15' title="bbox 114 1715 1202 1799; baseline -0.001 -23"><span class='ocrx_word' id='word_1_106' title='bbox 114 1744 142 1762; x_wconf 92' lang='lat'><strong>··</strong></span> <span class='ocrx_word' id='word_1_107' title='bbox 169 1718 267 1777; x_wconf 79' lang='lat' dir='ltr'><strong>Editio</strong></span> <span class='ocrx_word' id='word_1_108' title='bbox 282 1720 417 1799; x_wconf 89' lang='lat' dir='ltr'><strong>princeps</strong></span> <span class='ocrx_word' id='word_1_109' title='bbox 432 1739 454 1779; x_wconf 88' lang='lat' dir='ltr'><strong>s.</strong></span> <span class='ocrx_word' id='word_1_110' title='bbox 472 1719 604 1778; x_wconf 86' lang='lat' dir='ltr'><strong>Romana</strong></span> <span class='ocrx_word' id='word_1_111' title='bbox 619 1735 642 1777; x_wconf 91' lang='lat'><strong>1.</strong></span> <span class='ocrx_word' id='word_1_112' title='bbox 657 1739 693 1777; x_wconf 77' lang='lat' dir='ltr'><strong>es</strong></span> <span class='ocrx_word' id='word_1_113' title='bbox 708 1717 905 1796; x_wconf 77' lang='lat' dir='ltr'><strong>recognitione</strong></span> <span class='ocrx_word' id='word_1_114' title='bbox 919 1725 952 1775; x_wconf 88' lang='lat' dir='ltr'><strong>et</strong></span> <span class='ocrx_word' id='word_1_115' title='bbox 965 1736 1038 1776; x_wconf 87' lang='lat' dir='ltr'><strong>curn</strong></span> <span class='ocrx_word' id='word_1_116' title='bbox 1050 1715 1202 1796; x_wconf 80' lang='lat' dir='ltr'><strong>praelatione</strong></span> 
     </span>
     <span class='ocr_line' id='line_1_16' title="bbox 146 1811 1202 1891; baseline -0.001 -22"><span class='ocrx_word' id='word_1_117' title='bbox 146 1811 196 1871; x_wconf 86' lang='lat' dir='ltr'><strong>Jo.</strong></span> <span class='ocrx_word' id='word_1_118' title='bbox 218 1815 312 1872; x_wconf 79' lang='lat' dir='ltr'><strong>Andr.</strong></span> <span class='ocrx_word' id='word_1_119' title='bbox 336 1814 475 1891; x_wconf 77' lang='lat' dir='ltr'><strong>Episcopi</strong></span> <span class='ocrx_word' id='word_1_120' title='bbox 496 1813 663 1872; x_wconf 82' lang='lat' dir='ltr'><strong>rlleriensis.</strong></span> <span class='ocrx_word' id='word_1_121' title='bbox 706 1816 820 1884; x_wconf 78' lang='lat' dir='ltr'><strong>Rornae,</strong></span> <span class='ocrx_word' id='word_1_122' title='bbox 841 1831 893 1889; x_wconf 91' lang='lat' dir='ltr'><strong>per</strong></span> <span class='ocrx_word' id='word_1_123' title='bbox 907 1811 1086 1871; x_wconf 83' lang='lat' dir='ltr'><strong>Coumdum</strong></span> <span class='ocrx_word' id='word_1_124' title='bbox 1100 1813 1202 1890; x_wconf 73' lang='lat' dir='ltr'><strong>Sseyn·</strong></span> 
     </span>
     <span class='ocr_line' id='line_1_17' title="bbox 148 1904 1202 1985; baseline 0.003 -22"><span class='ocrx_word' id='word_1_125' title='bbox 148 1904 277 1965; x_wconf 88' lang='lat' dir='ltr'><strong>helmet</strong></span> <span class='ocrx_word' id='word_1_126' title='bbox 300 1907 467 1965; x_wconf 80' lang='lat' dir='ltr'><strong>Arnoldum</strong></span> <span class='ocrx_word' id='word_1_127' title='bbox 490 1909 645 1979; x_wconf 85' lang='lat' dir='ltr'><strong>Pannartz,</strong></span> <span class='ocrx_word' id='word_1_128' title='bbox 675 1909 705 1967; x_wconf 91' lang='lat' dir='ltr'><strong>in</strong></span> <span class='ocrx_word' id='word_1_129' title='bbox 728 1908 819 1968; x_wconf 91' lang='lat' dir='ltr'><strong>domo</strong></span> <span class='ocrx_word' id='word_1_130' title='bbox 842 1908 919 1967; x_wconf 89' lang='lat' dir='ltr'><strong>Petri</strong></span> <span class='ocrx_word' id='word_1_131' title='bbox 942 1917 974 1967; x_wconf 90' lang='lat' dir='ltr'><strong>et</strong></span> <span class='ocrx_word' id='word_1_132' title='bbox 1000 1909 1152 1985; x_wconf 74' lang='lat' dir='ltr'><strong>Francisei</strong></span> <span class='ocrx_word' id='word_1_133' title='bbox 1172 1907 1202 1966; x_wconf 89' lang='lat' dir='ltr'><strong>de</strong></span> 
     </span>
    </p>

    <p class='ocr_par' dir='ltr' id='par_1_7' title="bbox 58 1984 1203 3905">
     <span class='ocr_line' id='line_1_18' title="bbox 76 1984 1202 2083; baseline 0.003 -21"><span class='ocrx_word' id='word_1_134' title='bbox 76 2050 77 2053; x_wconf 19' lang='lat'>¹</span> <span class='ocrx_word' id='word_1_135' title='bbox 148 2001 295 2062; x_wconf 82' lang='lat' dir='ltr'><strong>Maximis.</strong></span> <span class='ocrx_word' id='word_1_136' title='bbox 312 2001 363 2061; x_wconf 87' lang='lat' dir='ltr'><strong>sol.</strong></span> <span class='ocrx_word' id='word_1_137' title='bbox 387 2003 448 2062; x_wconf 88' lang='lat' dir='ltr'><strong>sine</strong></span> <span class='ocrx_word' id='word_1_138' title='bbox 472 2004 539 2060; x_wconf 90' lang='lat' dir='ltr'><strong>anui</strong></span> <span class='ocrx_word' id='word_1_139' title='bbox 553 2006 763 2063; x_wconf 69' lang='lat' dir='ltr'><strong>nota—lianc</strong></span> <span class='ocrx_word' id='word_1_140' title='bbox 787 1984 956 2071; x_wconf 72' lang='lat' dir='ltr'><strong>editionem,</strong></span> <span class='ocrx_word' id='word_1_141' title='bbox 983 2022 1022 2061; x_wconf 82' lang='lat' dir='ltr'><strong>ex</strong></span> <span class='ocrx_word' id='word_1_142' title='bbox 1038 2005 1202 2083; x_wconf 71' lang='lat' dir='ltr'><strong>Codicepe</strong></span> 
     </span>
     <span class='ocr_line' id='line_1_19' title="bbox 149 2095 1202 2177; baseline 0.005 -22"><span class='ocrx_word' id='word_1_143' title='bbox 149 2117 214 2156; x_wconf 91' lang='lat' dir='ltr'><strong>rum</strong></span> <span class='ocrx_word' id='word_1_144' title='bbox 228 2097 383 2158; x_wconf 86' lang='lat' dir='ltr'><strong>emendato</strong></span> <span class='ocrx_word' id='word_1_145' title='bbox 397 2098 570 2177; x_wconf 86' lang='lat' dir='ltr'><strong>prolectam,</strong></span> <span class='ocrx_word' id='word_1_146' title='bbox 591 2108 658 2158; x_wconf 90' lang='lat' dir='ltr'><strong>ante</strong></span> <span class='ocrx_word' id='word_1_147' title='bbox 683 2099 793 2158; x_wconf 79' lang='lat' dir='ltr'><strong>exitum</strong></span> <span class='ocrx_word' id='word_1_148' title='bbox 807 2116 834 2157; x_wconf 90' lang='lat' dir='ltr'><strong>a.</strong></span> <span class='ocrx_word' id='word_1_149' title='bbox 853 2095 939 2167; x_wconf 72' lang='lat'>1469.</span> <span class='ocrx_word' id='word_1_150' title='bbox 955 2097 1139 2174; x_wconf 78' lang='lat' dir='ltr'><strong>publicatam</strong></span> <span class='ocrx_word' id='word_1_151' title='bbox 1149 2119 1202 2160; x_wconf 85' lang='lat' dir='ltr'><strong>esse</strong></span> 
     </span>
     <span class='ocr_line' id='line_1_20' title="bbox 149 2193 1201 2273; baseline 0.004 -21"><span class='ocrx_word' id='word_1_152' title='bbox 149 2193 260 2267; x_wconf 61' lang='lat' dir='ltr'><strong>dom</strong></span> <span class='ocrx_word' id='word_1_153' title='bbox 272 2195 383 2255; x_wconf 86' lang='lat' dir='ltr'><strong>Lairius</strong></span> <span class='ocrx_word' id='word_1_154' title='bbox 397 2194 427 2254; x_wconf 91' lang='lat' dir='ltr'><strong>iu</strong></span> <span class='ocrx_word' id='word_1_155' title='bbox 439 2195 565 2273; x_wconf 82' lang='lat' dir='ltr'><strong>specim.</strong></span> <span class='ocrx_word' id='word_1_156' title='bbox 580 2203 694 2273; x_wconf 79' lang='lat' dir='ltr'><strong>typogr.</strong></span> <span class='ocrx_word' id='word_1_157' title='bbox 709 2195 796 2254; x_wconf 84' lang='lat' dir='ltr'><strong>Rom.</strong></span> <span class='ocrx_word' id='word_1_158' title='bbox 818 2212 887 2271; x_wconf 77' lang='lat' dir='ltr'><strong>pag.</strong></span> <span class='ocrx_word' id='word_1_159' title='bbox 905 2202 974 2262; x_wconf 76' lang='grc'><strong>147.</strong></span> <span class='ocrx_word' id='word_1_160' title='bbox 998 2203 1030 2254; x_wconf 89' lang='lat' dir='ltr'><strong>et</strong></span> <span class='ocrx_word' id='word_1_161' title='bbox 1055 2195 1139 2256; x_wconf 88' lang='lat' dir='ltr'><strong>Guil.</strong></span> <span class='ocrx_word' id='word_1_162' title='bbox 1151 2197 1201 2256; x_wconf 83' lang='lat' dir='ltr'><strong>llu-</strong></span> 
     </span>
     <span class='ocr_line' id='line_1_21' title="bbox 146 2288 1201 2354; baseline 0.003 -6"><span class='ocrx_word' id='word_1_163' title='bbox 146 2289 205 2348; x_wconf 89' lang='lat' dir='ltr'><strong>rius</strong></span> <span class='ocrx_word' id='word_1_164' title='bbox 221 2289 249 2350; x_wconf 92' lang='lat' dir='ltr'><strong>iu</strong></span> <span class='ocrx_word' id='word_1_165' title='bbox 265 2291 358 2350; x_wconf 85' lang='lat' dir='ltr'><strong>Catal.</strong></span> <span class='ocrx_word' id='word_1_166' title='bbox 381 2291 453 2350; x_wconf 90' lang='lat' dir='ltr'><strong>bibl.</strong></span> <span class='ocrx_word' id='word_1_167' title='bbox 476 2289 568 2349; x_wconf 87' lang='lat' dir='ltr'><strong>Ducis</strong></span> <span class='ocrx_word' id='word_1_168' title='bbox 592 2289 630 2348; x_wconf 90' lang='lat' dir='ltr'><strong>de</strong></span> <span class='ocrx_word' id='word_1_169' title='bbox 654 2290 681 2348; x_wconf 87' lang='lat' dir='ltr'><strong>la</strong></span> <span class='ocrx_word' id='word_1_170' title='bbox 696 2288 830 2349; x_wconf 91' lang='lat' dir='ltr'><strong>Valliere.</strong></span> <span class='ocrx_word' id='word_1_171' title='bbox 855 2289 888 2346; x_wconf 91' lang='lat' dir='ltr'><strong>P.</strong></span> <span class='ocrx_word' id='word_1_172' title='bbox 905 2304 927 2348; x_wconf 86' lang='lat'><strong>1.</strong></span> <span class='ocrx_word' id='word_1_173' title='bbox 953 2289 995 2348; x_wconf 90' lang='grc' dir='ltr'><strong>Τ.</strong></span> <span class='ocrx_word' id='word_1_174' title='bbox 1011 2305 1054 2348; x_wconf 85' lang='lat' dir='ltr'><strong>rr.</strong></span> <span class='ocrx_word' id='word_1_175' title='bbox 1079 2311 1109 2350; x_wconf 90' lang='lat' dir='ltr'><strong>n.</strong></span> <span class='ocrx_word' id='word_1_176' title='bbox 1123 2300 1201 2354; x_wconf 66' lang='lat'><strong>2482.</strong></span> 
     </span>
     <span class='ocr_line' id='line_1_22' title="bbox 108 2385 1203 2465; baseline 0.005 -22"><span class='ocrx_word' id='word_1_177' title='bbox 108 2394 113 2420; x_wconf 69' lang='lat'>³</span> <span class='ocrx_word' id='word_1_178' title='bbox 147 2387 248 2444; x_wconf 88' lang='lat' dir='ltr'><strong>lnsunl</strong></span> <span class='ocrx_word' id='word_1_179' title='bbox 264 2397 331 2462; x_wconf 90' lang='lat' dir='ltr'><strong>post</strong></span> <span class='ocrx_word' id='word_1_180' title='bbox 345 2386 547 2465; x_wconf 64' lang='lat' dir='ltr'><strong>prefationem</strong></span> <span class='ocrx_word' id='word_1_181' title='bbox 563 2386 665 2457; x_wconf 80' lang='lat' dir='ltr'><strong>Culex,</strong></span> <span class='ocrx_word' id='word_1_182' title='bbox 679 2385 767 2457; x_wconf 76' lang='lat' dir='ltr'><strong>Dirce,</strong></span> <span class='ocrx_word' id='word_1_183' title='bbox 784 2387 877 2463; x_wconf 85' lang='lat' dir='ltr'><strong>Copa,</strong></span> <span class='ocrx_word' id='word_1_184' title='bbox 893 2385 946 2444; x_wconf 79' lang='lat' dir='ltr'><strong>list</strong></span> <span class='ocrx_word' id='word_1_185' title='bbox 960 2395 991 2445; x_wconf 87' lang='lat' dir='ltr'><strong>et</strong></span> <span class='ocrx_word' id='word_1_186' title='bbox 1005 2405 1078 2459; x_wconf 89' lang='lat' dir='ltr'><strong>uon,</strong></span> <span class='ocrx_word' id='word_1_187' title='bbox 1095 2387 1146 2448; x_wconf 90' lang='lat' dir='ltr'><strong>Vir</strong></span> <span class='ocrx_word' id='word_1_188' title='bbox 1156 2389 1203 2449; x_wconf 88' lang='lat' dir='ltr'><strong>bo-</strong></span> 
     </span>
     <span class='ocr_line' id='line_1_23' title="bbox 147 2482 1202 2560; baseline 0.007 -23"><span class='ocrx_word' id='word_1_189' title='bbox 147 2499 201 2539; x_wconf 90' lang='lat' dir='ltr'><strong>nus</strong></span> <span class='ocrx_word' id='word_1_190' title='bbox 225 2488 255 2539; x_wconf 75' lang='lat' dir='ltr'><strong>et</strong></span> <span class='ocrx_word' id='word_1_191' title='bbox 275 2485 398 2560; x_wconf 85' lang='lat' dir='ltr'><strong>sapiens,</strong></span> <span class='ocrx_word' id='word_1_192' title='bbox 421 2483 458 2542; x_wconf 92' lang='lat' dir='ltr'><strong>de</strong></span> <span class='ocrx_word' id='word_1_193' title='bbox 482 2483 576 2553; x_wconf 83' lang='lat' dir='ltr'><strong>Rosis,</strong></span> <span class='ocrx_word' id='word_1_194' title='bbox 599 2484 758 2553; x_wconf 88' lang='lat' dir='ltr'><strong>Morelum,</strong></span> <span class='ocrx_word' id='word_1_195' title='bbox 780 2482 923 2542; x_wconf 89' lang='lat' dir='ltr'><strong>Versiculi</strong></span> <span class='ocrx_word' id='word_1_196' title='bbox 946 2488 1048 2560; x_wconf 74' lang='lat' dir='ltr'><strong>potitur</strong></span> <span class='ocrx_word' id='word_1_197' title='bbox 1074 2485 1202 2554; x_wconf 64' lang='lat' dir='ltr'><strong>‘Nocte&#39;</strong></span> 
     </span>
     <span class='ocr_line' id='line_1_24' title="bbox 147 2577 1200 2650; baseline -0.003 -12"><span class='ocrx_word' id='word_1_198' title='bbox 147 2590 205 2639; x_wconf 90' lang='lat' dir='ltr'><strong>etc.</strong></span> <span class='ocrx_word' id='word_1_199' title='bbox 250 2580 357 2638; x_wconf 86' lang='lat' dir='ltr'><strong>Versus</strong></span> <span class='ocrx_word' id='word_1_200' title='bbox 372 2579 400 2636; x_wconf 94' lang='lat' dir='ltr'><strong>in</strong></span> <span class='ocrx_word' id='word_1_201' title='bbox 416 2580 555 2638; x_wconf 86' lang='lat' dir='ltr'><strong>Balistam</strong></span> <span class='ocrx_word' id='word_1_202' title='bbox 570 2580 722 2649; x_wconf 88' lang='lat' dir='ltr'><strong>latronem,</strong></span> <span class='ocrx_word' id='word_1_203' title='bbox 738 2580 843 2638; x_wconf 83' lang='lat' dir='ltr'><strong>Versus</strong></span> <span class='ocrx_word' id='word_1_204' title='bbox 858 2577 958 2637; x_wconf 85' lang='lat' dir='ltr'><strong>Ovidii</strong></span> <span class='ocrx_word' id='word_1_205' title='bbox 980 2579 1130 2650; x_wconf 62' lang='lat' dir='ltr'><strong>‘Qualis&#39;</strong></span> <span class='ocrx_word' id='word_1_206' title='bbox 1149 2591 1200 2640; x_wconf 90' lang='lat' dir='ltr'><strong>etc.</strong></span> 
     </span>
     <span class='ocr_line' id='line_1_25' title="bbox 147 2674 1198 2753; baseline -0.001 -19"><span class='ocrx_word' id='word_1_207' title='bbox 147 2679 267 2734; x_wconf 89' lang='lat' dir='ltr'><strong>Summa</strong></span> <span class='ocrx_word' id='word_1_208' title='bbox 280 2674 442 2751; x_wconf 81' lang='lat' dir='ltr'><strong>Virgilianae</strong></span> <span class='ocrx_word' id='word_1_209' title='bbox 457 2674 629 2733; x_wconf 81' lang='lat' dir='ltr'><strong>narrationis</strong></span> <span class='ocrx_word' id='word_1_210' title='bbox 640 2675 668 2733; x_wconf 93' lang='lat' dir='ltr'><strong>in</strong></span> <span class='ocrx_word' id='word_1_211' title='bbox 683 2675 839 2745; x_wconf 88' lang='lat' dir='ltr'><strong>Bucolicis,</strong></span> <span class='ocrx_word' id='word_1_212' title='bbox 862 2674 1020 2753; x_wconf 82' lang='lat' dir='ltr'><strong>Georgicis</strong></span> <span class='ocrx_word' id='word_1_213' title='bbox 1034 2685 1066 2734; x_wconf 92' lang='lat' dir='ltr'><strong>et</strong></span> <span class='ocrx_word' id='word_1_214' title='bbox 1079 2677 1198 2742; x_wconf 79' lang='lat' dir='ltr'><strong>AEueide,</strong></span> 
     </span>
     <span class='ocr_line' id='line_1_26' title="bbox 124 2770 1197 2849; baseline -0.001 -20"><span class='ocrx_word' id='word_1_215' title='bbox 124 2794 125 2799; x_wconf 47' lang='lat'>¹</span> <span class='ocrx_word' id='word_1_216' title='bbox 148 2770 288 2829; x_wconf 86' lang='lat' dir='ltr'><strong>Bucolica</strong></span> <span class='ocrx_word' id='word_1_217' title='bbox 301 2788 324 2827; x_wconf 90' lang='lat' dir='ltr'><strong>s.</strong></span> <span class='ocrx_word' id='word_1_218' title='bbox 340 2770 458 2846; x_wconf 83' lang='lat' dir='ltr'><strong>Eclogae</strong></span> <span class='ocrx_word' id='word_1_219' title='bbox 474 2786 506 2826; x_wconf 87' lang='lat' dir='ltr'><strong>x.</strong></span> <span class='ocrx_word' id='word_1_220' title='bbox 531 2772 745 2849; x_wconf 86' lang='lat' dir='ltr'><strong>Georgicorum</strong></span> <span class='ocrx_word' id='word_1_221' title='bbox 761 2771 829 2830; x_wconf 92' lang='lat' dir='ltr'><strong>libri</strong></span> <span class='ocrx_word' id='word_1_222' title='bbox 844 2788 891 2831; x_wconf 76' lang='grc' dir='ltr'><strong>ιν.</strong></span> <span class='ocrx_word' id='word_1_223' title='bbox 906 2770 1048 2831; x_wconf 75' lang='lat' dir='ltr'><strong>AEoeidos</strong></span> <span class='ocrx_word' id='word_1_224' title='bbox 1059 2772 1127 2831; x_wconf 90' lang='lat' dir='ltr'><strong>libri</strong></span> <span class='ocrx_word' id='word_1_225' title='bbox 1142 2789 1197 2832; x_wconf 84' lang='lat' dir='ltr'><strong>xrs.</strong></span> 
     </span>
     <span class='ocr_line' id='line_1_27' title="bbox 145 2863 1201 2943; baseline 0.001 -19"><span class='ocrx_word' id='word_1_226' title='bbox 145 2868 253 2924; x_wconf 86' lang='lat' dir='ltr'><strong>Versus</strong></span> <span class='ocrx_word' id='word_1_227' title='bbox 268 2863 383 2943; x_wconf 92' lang='lat' dir='ltr'><strong>Sulpitii</strong></span> <span class='ocrx_word' id='word_1_228' title='bbox 391 2864 637 2942; x_wconf 79' lang='lat' dir='ltr'><strong>Carthaginiensis</strong></span> <span class='ocrx_word' id='word_1_229' title='bbox 650 2868 819 2937; x_wconf 69' lang='lat' dir='ltr'><strong>‘iusserat&#39;</strong></span> <span class='ocrx_word' id='word_1_230' title='bbox 831 2876 890 2925; x_wconf 89' lang='lat' dir='ltr'><strong>etc.</strong></span> <span class='ocrx_word' id='word_1_231' title='bbox 932 2865 1071 2927; x_wconf 84' lang='lat' dir='ltr'><strong>Carmina</strong></span> <span class='ocrx_word' id='word_1_232' title='bbox 1084 2869 1201 2941; x_wconf 70' lang='lat' dir='ltr'><strong>Caesaris</strong></span> 
     </span>
     <span class='ocr_line' id='line_1_28' title="bbox 147 2959 1198 3044; baseline -0.001 -21"><span class='ocrx_word' id='word_1_233' title='bbox 147 2962 271 3042; x_wconf 80' lang='lat' dir='ltr'><strong>Augusti</strong></span> <span class='ocrx_word' id='word_1_234' title='bbox 285 2960 439 3039; x_wconf 83' lang='lat' dir='ltr'><strong>‘Ergone,&#39;</strong></span> <span class='ocrx_word' id='word_1_235' title='bbox 461 2969 520 3019; x_wconf 88' lang='lat' dir='ltr'><strong>etc.</strong></span> <span class='ocrx_word' id='word_1_236' title='bbox 540 2969 571 3019; x_wconf 91' lang='lat' dir='ltr'><strong>et</strong></span> <span class='ocrx_word' id='word_1_237' title='bbox 593 2961 650 3020; x_wconf 88' lang='lat' dir='ltr'><strong>alia</strong></span> <span class='ocrx_word' id='word_1_238' title='bbox 673 2980 778 3039; x_wconf 78' lang='lat' dir='ltr'><strong>proca.</strong></span> <span class='ocrx_word' id='word_1_239' title='bbox 822 2963 854 3020; x_wconf 91' lang='lat' dir='ltr'><strong>lu</strong></span> <span class='ocrx_word' id='word_1_240' title='bbox 878 2959 937 3022; x_wconf 88' lang='lat' dir='ltr'><strong>tine</strong></span> <span class='ocrx_word' id='word_1_241' title='bbox 952 2979 1055 3023; x_wconf 80' lang='lat' dir='ltr'><strong>sersus</strong></span> <span class='ocrx_word' id='word_1_242' title='bbox 1071 2983 1151 3044; x_wconf 84' lang='lat' dir='ltr'><strong>seqq.</strong></span> <span class='ocrx_word' id='word_1_243' title='bbox 1165 2965 1198 3023; x_wconf 86' lang='lat' dir='ltr'><strong>le·</strong></span> 
     </span>
     <span class='ocr_line' id='line_1_29' title="bbox 58 3044 525 3140; baseline -0.009 -21"><span class='ocrx_word' id='word_1_244' title='bbox 58 3044 62 3049; x_wconf 49' lang='grc'><strong>’</strong></span> <span class='ocrx_word' id='word_1_245' title='bbox 147 3068 255 3140; x_wconf 76' lang='lat' dir='ltr'><strong>guntur</strong></span> <span class='ocrx_word' id='word_1_246' title='bbox 266 3058 406 3118; x_wconf 78' lang='lat' dir='ltr'><strong>referente</strong></span> <span class='ocrx_word' id='word_1_247' title='bbox 418 3057 525 3116; x_wconf 86' lang='lat' dir='ltr'><strong>Bnrio:</strong></span> 
     </span>
     <span class='ocr_line' id='line_1_30' title="bbox 225 3152 912 3232; baseline -0.001 -17"><span class='ocrx_word' id='word_1_248' title='bbox 225 3154 364 3232; x_wconf 76' lang='lat' dir='ltr'><strong>Adspicis</strong></span> <span class='ocrx_word' id='word_1_249' title='bbox 377 3153 493 3212; x_wconf 90' lang='lat' dir='ltr'><strong>illustris</strong></span> <span class='ocrx_word' id='word_1_250' title='bbox 508 3153 600 3211; x_wconf 89' lang='lat' dir='ltr'><strong>lector</strong></span> <span class='ocrx_word' id='word_1_251' title='bbox 613 3152 781 3230; x_wconf 91' lang='lat' dir='ltr'><strong>quicunque</strong></span> <span class='ocrx_word' id='word_1_252' title='bbox 794 3153 912 3215; x_wconf 91' lang='lat' dir='ltr'><strong>libellos</strong></span> 
     </span>
     <span class='ocr_line' id='line_1_31' title="bbox 265 3247 896 3327; baseline 0.002 -19"><span class='ocrx_word' id='word_1_253' title='bbox 265 3250 296 3308; x_wconf 91' lang='lat' dir='ltr'><strong>Si</strong></span> <span class='ocrx_word' id='word_1_254' title='bbox 309 3249 393 3326; x_wconf 89' lang='lat' dir='ltr'><strong>cupis</strong></span> <span class='ocrx_word' id='word_1_255' title='bbox 407 3247 549 3306; x_wconf 87' lang='lat' dir='ltr'><strong>artilicum</strong></span> <span class='ocrx_word' id='word_1_256' title='bbox 565 3248 683 3307; x_wconf 91' lang='lat' dir='ltr'><strong>nomina</strong></span> <span class='ocrx_word' id='word_1_257' title='bbox 696 3267 800 3308; x_wconf 86' lang='lat' dir='ltr'><strong>nosse:</strong></span> <span class='ocrx_word' id='word_1_258' title='bbox 822 3248 896 3327; x_wconf 88' lang='lat' dir='ltr'><strong>lege.</strong></span> 
     </span>
     <span class='ocr_line' id='line_1_32' title="bbox 167 3342 920 3421; baseline 0.004 -19"><span class='ocrx_word' id='word_1_259' title='bbox 167 3362 173 3370; x_wconf 89' lang='lat'>·</span> <span class='ocrx_word' id='word_1_260' title='bbox 224 3347 336 3420; x_wconf 83' lang='lat' dir='ltr'><strong>Aspera</strong></span> <span class='ocrx_word' id='word_1_261' title='bbox 351 3342 460 3401; x_wconf 88' lang='lat' dir='ltr'><strong>ridebis</strong></span> <span class='ocrx_word' id='word_1_262' title='bbox 475 3345 649 3421; x_wconf 88' lang='lat' dir='ltr'><strong>cognomina</strong></span> <span class='ocrx_word' id='word_1_263' title='bbox 663 3353 800 3405; x_wconf 87' lang='lat' dir='ltr'><strong>teutona:</strong></span> <span class='ocrx_word' id='word_1_264' title='bbox 821 3344 920 3405; x_wconf 71' lang='lat' dir='ltr'><strong>forsan</strong></span> 
     </span>
     <span class='ocr_line' id='line_1_33' title="bbox 266 3439 873 3515; baseline 0.003 -18"><span class='ocrx_word' id='word_1_265' title='bbox 266 3439 383 3515; x_wconf 85' lang='lat' dir='ltr'><strong>Miliget</strong></span> <span class='ocrx_word' id='word_1_266' title='bbox 397 3458 443 3497; x_wconf 86' lang='lat' dir='ltr'><strong>ars</strong></span> <span class='ocrx_word' id='word_1_267' title='bbox 458 3442 546 3499; x_wconf 84' lang='lat' dir='ltr'><strong>musis</strong></span> <span class='ocrx_word' id='word_1_268' title='bbox 561 3441 654 3500; x_wconf 87' lang='lat' dir='ltr'><strong>inscia</strong></span> <span class='ocrx_word' id='word_1_269' title='bbox 667 3442 755 3501; x_wconf 77' lang='lat' dir='ltr'><strong>uerba</strong></span> <span class='ocrx_word' id='word_1_270' title='bbox 770 3442 873 3501; x_wconf 87' lang='lat' dir='ltr'><strong>uirum.</strong></span> 
     </span>
     <span class='ocr_line' id='line_1_34' title="bbox 224 3534 1134 3617; baseline 0 -23"><span class='ocrx_word' id='word_1_271' title='bbox 224 3534 376 3594; x_wconf 87' lang='lat' dir='ltr'><strong>Conradus</strong></span> <span class='ocrx_word' id='word_1_272' title='bbox 388 3539 606 3616; x_wconf 79' lang='lat' dir='ltr'><strong>suueynheym:</strong></span> <span class='ocrx_word' id='word_1_273' title='bbox 629 3537 775 3597; x_wconf 81' lang='lat' dir='ltr'><strong>Amoldns</strong></span> <span class='ocrx_word' id='word_1_274' title='bbox 790 3546 992 3617; x_wconf 84' lang='lat' dir='ltr'><strong>pannrrtrque</strong></span> <span class='ocrx_word' id='word_1_275' title='bbox 1007 3539 1134 3617; x_wconf 82' lang='lat' dir='ltr'><strong>magistri</strong></span> 
     </span>
     <span class='ocr_line' id='line_1_35' title="bbox 266 3631 881 3717; baseline 0.005 -28"><span class='ocrx_word' id='word_1_276' title='bbox 266 3631 356 3691; x_wconf 83' lang='lat' dir='ltr'><strong>Rome</strong></span> <span class='ocrx_word' id='word_1_277' title='bbox 371 3633 579 3717; x_wconf 83' lang='lat' dir='ltr'><strong>impresserunt</strong></span> <span class='ocrx_word' id='word_1_278' title='bbox 593 3635 663 3694; x_wconf 86' lang='lat' dir='ltr'><strong>talia</strong></span> <span class='ocrx_word' id='word_1_279' title='bbox 678 3634 768 3694; x_wconf 90' lang='lat' dir='ltr'><strong>multa</strong></span> <span class='ocrx_word' id='word_1_280' title='bbox 782 3634 881 3692; x_wconf 87' lang='lat' dir='ltr'><strong>simul.</strong></span> 
     </span>
     <span class='ocr_line' id='line_1_36' title="bbox 223 3727 939 3790; baseline 0.004 -6"><span class='ocrx_word' id='word_1_281' title='bbox 223 3727 326 3785; x_wconf 86' lang='lat' dir='ltr'><strong>Petrus</strong></span> <span class='ocrx_word' id='word_1_282' title='bbox 340 3749 407 3788; x_wconf 84' lang='lat' dir='ltr'><strong>curn</strong></span> <span class='ocrx_word' id='word_1_283' title='bbox 423 3729 511 3789; x_wconf 79' lang='lat' dir='ltr'><strong>fratre</strong></span> <span class='ocrx_word' id='word_1_284' title='bbox 526 3731 681 3790; x_wconf 85' lang='lat' dir='ltr'><strong>Francisco</strong></span> <span class='ocrx_word' id='word_1_285' title='bbox 695 3729 836 3788; x_wconf 78' lang='lat' dir='ltr'><strong>maximus</strong></span> <span class='ocrx_word' id='word_1_286' title='bbox 851 3729 939 3787; x_wconf 88' lang='lat' dir='ltr'><strong>ambo</strong></span> 
     </span>
     <span class='ocr_line' id='line_1_37' title="bbox 264 3822 928 3905; baseline 0.006 -25"><span class='ocrx_word' id='word_1_287' title='bbox 264 3822 342 3882; x_wconf 85' lang='lat' dir='ltr'><strong>Huic</strong></span> <span class='ocrx_word' id='word_1_288' title='bbox 356 3827 436 3902; x_wconf 82' lang='lat' dir='ltr'><strong>operi</strong></span> <span class='ocrx_word' id='word_1_289' title='bbox 448 3836 580 3905; x_wconf 86' lang='lat' dir='ltr'><strong>aptatam</strong></span> <span class='ocrx_word' id='word_1_290' title='bbox 595 3825 780 3885; x_wconf 89' lang='lat' dir='ltr'><strong>contribuere</strong></span> <span class='ocrx_word' id='word_1_291' title='bbox 794 3823 928 3884; x_wconf 88' lang='lat' dir='ltr'><strong>domum.</strong></span> 
     </span>
    </p>

    <p class='ocr_par' dir='ltr' id='par_1_8' title="bbox 107 3917 1191 4001">
     <span class='ocr_line' id='line_1_38' title="bbox 107 3917 1191 4001; baseline -0.006 -21"><span class='ocrx_word' id='word_1_292' title='bbox 107 3934 111 3941; x_wconf 83' lang='lat'>&#39;</span> <span class='ocrx_word' id='word_1_293' title='bbox 144 3917 230 3980; x_wconf 83' lang='lat' dir='ltr'><strong>Couf.</strong></span> <span class='ocrx_word' id='word_1_294' title='bbox 243 3917 288 3978; x_wconf 85' lang='grc' dir='ltr'><strong>ΙΙΙ.</strong></span> <span class='ocrx_word' id='word_1_295' title='bbox 303 3919 450 3998; x_wconf 79' lang='lat' dir='ltr'><strong>Heynium</strong></span> <span class='ocrx_word' id='word_1_296' title='bbox 463 3921 502 3982; x_wconf 89' lang='lat' dir='ltr'><strong>de</strong></span> <span class='ocrx_word' id='word_1_297' title='bbox 522 3921 571 3983; x_wconf 87' lang='lat' dir='ltr'><strong>ed.</strong></span> <span class='ocrx_word' id='word_1_298' title='bbox 595 3924 690 4001; x_wconf 87' lang='lat' dir='ltr'><strong>princ.</strong></span> <span class='ocrx_word' id='word_1_299' title='bbox 713 3921 742 3979; x_wconf 89' lang='lat' dir='ltr'><strong>iu</strong></span> <span class='ocrx_word' id='word_1_300' title='bbox 757 3921 841 3999; x_wconf 69' lang='lat' dir='ltr'><strong>prasi.</strong></span> <span class='ocrx_word' id='word_1_301' title='bbox 857 3922 895 3981; x_wconf 86' lang='lat' dir='ltr'><strong>ad</strong></span> <span class='ocrx_word' id='word_1_302' title='bbox 913 3922 992 4000; x_wconf 86' lang='lat' dir='ltr'><strong>Virg.</strong></span> <span class='ocrx_word' id='word_1_303' title='bbox 1006 3919 1047 3980; x_wconf 90' lang='lat' dir='ltr'><strong>de</strong></span> <span class='ocrx_word' id='word_1_304' title='bbox 1062 3919 1151 3979; x_wconf 84' lang='lat' dir='ltr'><strong>Editt.</strong></span> <span class='ocrx_word' id='word_1_305' title='bbox 1166 3939 1191 3995; x_wconf 93' lang='lat' dir='ltr'><strong>p.</strong></span> 
     </span>
    </p>

    <p class='ocr_par' dir='ltr' id='par_1_9' title="bbox 143 4016 1216 4103">
     <span class='ocr_line' id='line_1_39' title="bbox 143 4016 1216 4103; baseline -0.003 -28"><span class='ocrx_word' id='word_1_306' title='bbox 143 4032 239 4078; x_wconf 80' lang='lat' dir='ltr'><strong>cuxn</strong></span> <span class='ocrx_word' id='word_1_307' title='bbox 255 4022 317 4097; x_wconf 86' lang='lat' dir='ltr'><strong>seq.</strong></span> <span class='ocrx_word' id='word_1_308' title='bbox 331 4016 379 4078; x_wconf 85' lang='lat' dir='ltr'><strong>ed.</strong></span> <span class='ocrx_word' id='word_1_309' title='bbox 392 4035 440 4080; x_wconf 89' lang='lat' dir='ltr'><strong>uu.</strong></span> <span class='ocrx_word' id='word_1_310' title='bbox 458 4027 547 4083; x_wconf 71' lang='lat' dir='ltr'><strong>leus.</strong></span> <span class='ocrx_word' id='word_1_311' title='bbox 569 4020 609 4080; x_wconf 88' lang='lat' dir='ltr'><strong>ab</strong></span> <span class='ocrx_word' id='word_1_312' title='bbox 621 4038 717 4103; x_wconf 86' lang='lat' dir='ltr'><strong>eoque</strong></span> <span class='ocrx_word' id='word_1_313' title='bbox 729 4018 876 4094; x_wconf 87' lang='lat' dir='ltr'><strong>laudatos,</strong></span> <span class='ocrx_word' id='word_1_314' title='bbox 898 4019 975 4079; x_wconf 84' lang='lat' dir='ltr'><strong>Clar.</strong></span> <span class='ocrx_word' id='word_1_315' title='bbox 992 4017 1155 4078; x_wconf 85' lang='lat' dir='ltr'><strong>Harlesiurn</strong></span> <span class='ocrx_word' id='word_1_316' title='bbox 1168 4017 1192 4072; x_wconf 87' lang='lat' dir='ltr'><strong>iu</strong></span> <span class='ocrx_word' id='word_1_317' title='bbox 1208 4026 1216 4037; x_wconf 60' lang='lat'>⁸</span> 
     </span>
    </p>
   </div>
   <div class='ocr_carea' id='block_1_3' title="bbox 0 0 1336 4686">
    <p class='ocr_par' dir='ltr' id='par_1_10' title="bbox 0 0 1336 4686">
     <span class='ocr_line' id='line_1_40' title="bbox 0 0 1336 4686; baseline 0 1"><span class='ocrx_word' id='word_1_318' title='bbox 0 0 1336 4686; x_wconf 95' lang='lat' dir='ltr'><strong> </strong></span> 
     </span>
    </p>
   </div>
  </div>
 </body>
</html>
