2664 4686
424 347 474 393 sn
497 345 667 395 sssrnos
692 346 764 396 urs.
788 348 827 396 ιι.
990 306 998 320 ’
1091 337 1177 402 4131

67 488 124 552 dis
139 494 368 570 argumentum
381 506 403 551 a
415 488 524 572 politis
538 495 713 556 tractatum
726 493 832 570 fuerit,
857 495 958 559 etiarn
979 516 1023 561 ex
1036 501 1177 586 conjuge

70 590 191 656 AEueae
206 591 288 655 data
301 600 454 674 apparet.
498 588 642 654 Codonerr
657 600 691 658 et
706 592 921 658 Arrtlemonen
934 600 1001 680 ipsi
1016 601 1051 663 in
1064 606 1178 668 matri-

68 695 184 758 monio
206 694 339 758 habitas
363 711 407 756 ex
430 693 541 776 iisque
565 696 648 759 duas
670 698 756 760 filias
779 707 954 782 susceptas
975 702 1009 763 in
1030 701 1176 770 Arcadia

69 796 207 861 relictas
235 796 289 859 vel
324 796 472 860 elocutus
503 817 549 861 ex
578 797 754 883 Agathyllo
783 798 914 865 Arcade
943 805 1058 869 videas
1086 809 1178 890 apud

75 898 215 982 Dionys.
232 898 348 962 Helio.
365 914 390 976 l,
412 898 477 977 493
500 907 534 964 at
558 896 636 965 Anii
658 900 772 980 filiam,
799 898 955 982 Murum,
981 907 1098 974 AEncae
1121 911 1179 976 de·

68 1020 243 1087 sponsam,
258 999 444 1064 videbimus
459 1000 601 1066 Fscurs.
619 1019 631 1066 1
647 1002 692 1066 ad
705 1004 764 1067 lib.
786 1009 859 1068 tert.
904 1005 995 1070 Hinc
1019 1010 1118 1073 etiam
1142 1013 1177 1077 in

67 1105 184 1169 liberis
207 1101 416 1184 assignandis
439 1120 558 1184 magna
584 1103 781 1183 diversitas3
807 1104 849 1167 cf.
875 1106 1013 1188 Dionys.
1039 1108 1121 1176 Hal.
1151 1131 1178 1192 1,

118 1306 219 1388 Quod
231 1306 367 1373 tandem
381 1307 424 1372 ad
440 1305 612 1370 Ascanium
627 1308 753 1387 attinet,
768 1307 917 1374 Homero
931 1312 998 1395 ipsi
1008 1332 1178 1399 nunquam

69 1416 299 1486 memoratum,
325 1427 401 1473 eum
414 1410 547 1491 quidem
561 1410 596 1473 in
611 1408 742 1474 Troade
755 1411 904 1475 relictum
919 1432 1042 1478 novum
1057 1419 1178 1483 consti·

68 1513 175 1577 tuisse
199 1530 346 1593 regnum,
376 1511 477 1595 paulo
506 1517 581 1576 ante
602 1531 624 1575 a
646 1512 812 1576 nonnullis
833 1514 1001 1596 proditum
1022 1515 1177 1583 vidimus.

68 1612 287 1683 Communior
307 1616 419 1677 tamen
443 1612 570 1695 opinio,
593 1611 774 1677 secundum
797 1613 996 1698 Dionysium
1021 1616 1180 1683 Helicon

67 1714 587 1799 mss.quoqueetstrab.x1u,
610 1735 646 1799 p.
666 1715 732 1779 608
748 1732 796 1791 A,
809 1715 872 1780 tuit
892 1721 978 1794 haec,
1003 1737 1077 1781 eum
1102 1739 1179 1784 cum

68 1824 163 1901 piros
185 1817 220 1879 in
245 1815 380 1881 Italiam
404 1817 546 1880 venisse.
591 1813 730 1880 Ascanii
753 1835 873 1880 nomen
894 1817 928 1879 in
946 1816 1026 1900 iuga
1047 1818 1179 1885 domum

68 1920 135 2003 ipsi
148 1918 302 1996 inditum,
322 1938 398 1983 cnm
411 1919 505 2002 prins
518 1926 609 1984 esset
624 1914 797 2001 Euryleorr,
821 1919 908 2001 apud
923 1919 1067 2005 Dionys.
1085 1938 1110 1999 1,
1134 1923 1180 1987 so

68 2019 229 2104 reperias,
254 2018 341 2083 adde
365 2016 457 2101 Orig.
482 2019 527 2084 G.
552 2018 653 2084 Rom.
678 2021 731 2098 14,
756 2020 845 2103 quod
867 2025 900 2083 et
918 2021 1028 2102 ipsum
1042 2023 1179 2105 antiquo

68 2120 181 2206 puiitae
196 2121 310 2185 deberi
325 2119 467 2186 videtur.
513 2120 630 2186 ‘Alios
649 2120 718 2185 duo
734 2122 893 2204 parvulos
911 2121 1000 2185 tilios
1015 2121 1179 2187 abductos

67 2223 111 2287 el)
126 2220 390 2305 AEuea'tmdere,
405 2221 490 2286 alios
504 2241 618 2298 unum,
634 2222 689 2286 cui
703 2219 779 2284 Iulo
794 2240 987 2301 cognomen,
995 2220 1179 2305 postetiam

67 2320 236 2399 Ascanio,
247 2320 357 2399 suerit,
369 2342 482 2387 secum
494 2323 652 2385 extulisse
665 2321 685 2399 ;'
707 2319 752 2399 Q.
769 2320 922 2383 Lutatius
933 2321 1096 2403 scriptum
1106 2320 1179 2384 reli-

67 2431 200 2509 querat,
223 2443 256 2487 v.
280 2421 372 2505 Orig.
397 2422 442 2488 G.
470 2422 570 2485 Rom.
594 2441 624 2484 c.
646 2423 679 2498 9,
704 2427 737 2485 et
751 2421 801 2485 sic
815 2441 860 2484 ex
874 2420 1055 2485 Hellanico
1070 2428 1180 2487 namet

69 2524 214 2610 Dionys.
238 2540 263 2601 1,
289 2527 333 2590 47
352 2526 469 2589 relicto
484 2521 634 2587 Ascanio
648 2524 791 2586 AEneam
805 2520 951 2604 reliquos
965 2522 1088 2586 liberos
1103 2542 1179 2587 cum

67 2633 164 2711 pauo
193 2630 228 2688 et
256 2624 332 2689 Diis
362 2624 485 2688 Patriis
511 2643 625 2686 secum
653 2624 819 2686 evexisse.
863 2620 1046 2685 Ascanim
1060 2628 1179 2702 tamen,

69 2730 135 2795 etsi
162 2728 314 2793 relictum
341 2728 377 2791 in
405 2725 550 2803 Troade,
578 2744 671 2802 mox,
696 2744 771 2788 curn
798 2728 891 2806 pater
916 2724 951 2787 in
977 2722 1180 2791 Macedonia

69 2831 223 2909 obiisset,
247 2848 288 2893 eo
309 2829 493 2894 accessisse
507 2846 677 2909 novosque
692 2826 829 2889 colonos
847 2823 922 2887 inde
935 2845 1049 2889 secum
1061 2827 1095 2888 in
1110 2825 1181 2890 lta·

71 2930 151 2995 liam
165 2930 362 3005 abduxisse,
386 2929 563 2992 tradiderat
580 2928 665 2991 alius
688 2934 784 3015 vetus
804 2934 929 3002 auctor,
953 2945 1050 3007 quem
1066 2925 1179 2991 Schol.

74 3030 174 3098 Iliad.
189 3039 231 3111 N,
244 3032 311 3097 459
323 3030 515 3112 exscripsit,
540 3031 617 3093 loco
634 3029 706 3111 jam
721 3032 1024 3110 supramemorato.
1070 3025 1180 3090 Multo

74 3134 178 3221 nmjor
207 3135 299 3200 circa
326 3131 511 3197 Ascanium
536 3130 711 3194 diversitas
739 3133 820 3212 post
847 3126 1024 3189 adventum
1056 3127 1090 3189 in
1113 3124 1181 3189 Ita-

76 3237 174 3317 liam;
194 3237 256 3301 sed
280 3237 323 3301 de
344 3236 397 3299 his
419 3253 504 3298 nunc
528 3251 593 3295 non
613 3230 753 3312 agimus.
798 3225 880 3292 Vid.
903 3225 1048 3291 Excurs.
1070 3242 1115 3289 111
1136 3226 1180 3293 sd
