2664 4686
201 302 289 367 4014
562 330 567 339 ·
606 256 805 368 excussus
828 318 894 368 vu.
948 330 953 345 =
1029 287 1037 297 ’

204 469 311 534 oratio
333 473 367 532 et
388 467 544 532 delectari
568 469 703 552 legentis
717 466 860 535 'animus
885 472 1004 556 possit,
1032 491 1102 538 non
1128 474 1297 545 dimittatur

203 569 378 649 monibus3
400 589 475 633 cum
490 568 718 633 delectationis
733 572 840 655 major
857 575 902 637 sit
919 575 1004 638 ratio
1017 573 1184 655 habenda,
1201 594 1295 661 ‘qmn

198 668 321 753 judicii
345 672 526 736 animorum
541 671 658 736 sedati.
704 672 819 738 Potuit
838 674 923 738 edeo
936 675 1060 740 fluvius
1073 678 1144 755 ille,
1158 679 1294 744 etiami!

204 770 346 838 Veneris
359 775 518 848 oratione,
545 773 653 836 verbis
667 775 787 849 ornari,
814 775 962 859 inprimis
977 795 1056 840 cum
1078 777 1156 861 ejus
1175 785 1294 858 nutura,

202 872 248 937 ad
268 874 354 938 hunc
369 873 504 937 modum
518 874 701 956 descripta:
726 879 736 907 ‘
751 874 846 939 unde'
860 895 993 958 perora
1005 878 1206 943 novem-It
1216 898 1295 944 maro

202 974 413 1059 proruptum:
449 974 492 1038 ad
522 974 812 1058 amplificationem
836 979 1069 1061 periculorum,
1099 999 1180 1063 quae
1199 985 1294 1045 um

202 1077 248 1139 ab
273 1073 439 1140 Antenore
454 1082 605 1160 superata
624 1081 711 1154 ant,
734 1076 842 1141 secere
866 1080 1004 1162 possint.
1048 1078 1201 1145 Tametsi
1218 1080 1294 1160 [ore

202 1178 289 1242 hunc
309 1181 343 1242 in
361 1178 492 1242 modum
509 1180 663 1243 excusari
684 1199 797 1244 versus
820 1181 886 1245 245
899 1186 933 1247 et
945 1182 1011 1247 246
1034 1179 1293 1266 possent-mlh

202 1284 313 1344 tamen
328 1280 426 1344 modo
449 1282 590 1366 probare
604 1301 641 1344 se
665 1288 802 1365 possunt
819 1281 950 1365 judicio
972 1283 1074 1367 paulo
1089 1286 1294 1367 acutiori30t

201 1387 293 1445 erant
307 1381 356 1444 illi
377 1381 577 1446 hauddubie
592 1383 758 1459 intereos,
784 1402 869 1465 quos
883 1383 1030 1448 sublatos
1045 1383 1211 1467 Virgilius
1223 1385 1293 1450 mol»

202 1481 257 1547 let.
303 1483 536 1568 Improbarunt
559 1482 620 1547 hos
635 1501 748 1546 versus
770 1487 805 1546 et
828 1483 897 1560 alii,
923 1489 958 1547 et
979 1483 1057 1549 Juc.
1079 1484 1208 1569 Bryant
1222 1501 1293 1549 uo.

204 1580 336 1661 Quibus
356 1591 466 1650 autem
489 1586 525 1647 in
546 1585 640 1648 terris
662 1580 783 1648 fluvius
804 1585 860 1649 ille
886 1585 1084 1668 quaerendus
1109 1589 1167 1665 sit,
1186 1606 1293 1671 ungu

202 1687 267 1752 luit
287 1690 371 1754 inter
383 1680 474 1751 vir'os
488 1686 605 1752 doctos
627 1681 863 1751 controversia.
906 1685 944 1751 Si
959 1689 1047 1752 enim
1061 1694 1162 1753 notus
1175 1690 1231 1754 ille
1250 1689 1292 1754 Is·

202 1791 275 1853 triae
304 1790 427 1854 fluvius
452 1794 513 1866 est,
539 1789 617 1872 quid
640 1789 698 1851 ille
721 1808 796 1852 cum
821 1788 964 1853 Patauio
982 1808 1158 1855 commune
1183 1791 1291 1857 habeo

203 1895 325 1971 potest,
345 1895 383 1954 ut
404 1909 437 1952 v.
451 1890 516 1953 247
539 1888 634 1952 ‘Hic
654 1895 763 1953 temen
776 1888 833 1952 ille
847 1889 962 1953 urbem
982 1889 1293 1958 Patavi-locavit?

202 1988 279 2073 (sed
292 2011 326 2055 v.
342 1991 384 2054 ad
398 2011 429 2054 e.
445 1987 497 2072 v.)
520 1989 671 2053 Maluere
690 1990 802 2072 itaque
822 1989 881 2053 alii
903 1988 1022 2055 referre
1035 1990 1080 2053 ad
1103 1990 1293 2057 Meduacus

72 2152 79 2159 ,
204 2109 233 2153 s.
248 2090 413 2167 Brentam,
438 2090 586 2153 nonnulli
600 2089 684 2152 adeo
699 2089 742 2151 ad
757 2088 910 2169 Pedum3
932 2109 1019 2172 qnos
1031 2092 1108 2174 ipsa
1122 2111 1177 2156 res
1190 2090 1294 2158 refellit

204 2197 238 2256 et
258 2191 397 2256 Paullus
412 2190 550 2254 Pincius
564 2209 639 2253 cum
655 2190 730 2252 aliis
745 2189 854 2255 doctis
869 2189 951 2253 viris
964 2209 987 2252 a
1001 2190 1194 2257 Burmanno
1208 2192 1292 2277 prael.

202 2294 301 2358 Tom.
317 2292 482 2357 v1.Thes.
497 2290 573 2354 Ital.
596 2291 784 2355 nominatis.
830 2288 868 2354 Si
887 2295 997 2354 tamen
1013 2290 1178 2358 {imarus
1196 2295 1293 2361 Istrin

204 2395 326 2458 fluvius
341 2399 402 2471 est,
427 2392 635 2456 difficultates
655 2397 771 2456 contra
791 2392 854 2455 hos
868 2410 982 2457 versus
997 2393 1051 2456 vel
1078 2396 1140 2473 sic,
1162 2415 1226 2460 non
1238 2395 1294 2461 Ge

204 2501 307 2560 uoeus
330 2496 469 2579 primus,
494 2493 552 2557 sed
576 2493 670 2557 multi
685 2497 760 2556 ante
781 2512 857 2556 eum
871 2493 934 2556 viri
954 2491 1043 2558 docti
1065 2494 1116 2579 (v.
1132 2515 1166 2561 c.
1182 2495 1294 2582 Gardt)

203 2601 386 2671 movenmt,
402 2595 458 2676 qui
472 2593 649 2656 Timavum
664 2598 722 2656 aut
739 2594 838 2677 plane
851 2593 985 2671 nullum,
1004 2600 1065 2659 aut
1076 2595 1191 2681 hujus,
1205 2616 1294 2682 quem

203 2695 304 2778 poeta
316 2700 436 2772 namet,
460 2693 638 2758 admodum
660 2713 748 2759 nunc
772 2690 906 2777 quidem
929 2694 1124 2787 dissimilem
1137 2717 1214 2763 esse
1226 2719 1294 2764 con.

203 2795 378 2859 tenderent.
429 2792 497 2858 Sed
517 2792 658 2874 frustm
679 2814 758 2858 nam
780 2795 952 2859 Strabonis
974 2795 997 2859 l.
1017 2812 1050 2874 V,
1074 2817 1110 2879 p.
1124 2798 1205 2864 214.
1226 2800 1294 2875 tlt

204 2900 238 2959 ot
259 2896 359 2961 Melae
373 2897 552 2960 auctoritas
574 2894 709 2980 po'e'tam
730 2894 885 2971 defendit,
909 2895 1092 2961 utTimari
1112 2899 1195 2964 olim
1207 2903 1295 2966 istem

202 3004 352 3062 naturam
372 2997 477 3060 fuisse
498 2997 641 3061 dubitari
662 2999 813 3079 nequeat.
857 2995 996 3061 Scilicet
1013 2998 1098 3062 inter
1112 2996 1295 3083 Aquileiam

202 3102 235 3160 et
247 3094 413 3181 Tergeste,
430 3099 471 3161 :in
489 3095 668 3161 Camomm
690 3096 821 3172 linibus,
845 3096 935 3178 apud
958 3097 1072 3160 vicum
1097 3098 1294 3181 stomun,

201 3218 267 3261 non
294 3200 391 3280 longe
419 3216 441 3261 e
464 3197 600 3262 castello
626 3196 739 3261 Duino
765 3194 945 3281 (lpwein),
974 3199 1031 3280 qui
1059 3202 1159 3265 totus'
1179 3209 1295 3269 meme

200 3317 323 3363 saxeus
331 3305 365 3363 et
379 3299 578 3380 scopulosus
592 3304 645 3362 est
656 3296 748 3382 (sunt
760 3304 870 3362 autem
881 3303 1008 3362 montes
1021 3300 1201 3382 calcarii¹),
1213 3324 1294 3370 com·

202 3397 313 3481 plures
334 3399 543 3481 ingentesque
565 3398 648 3462 inter
662 3401 792 3482 rupium
807 3404 902 3463 antra
915 3419 1074 3482 aquarum
1093 3401 1204 3470 fontes
1227 3427 1297 3491 pro·

201 3498 334 3561 siliunt:
358 3517 497 3581 quorum
519 3500 708 3584 praecipuos
734 3519 795 3564 sex
817 3500 1010 3564 numerabat
1032 3499 1224 3585 Cluverius,
1244 3509 1297 3591 qui

200 3599 274 3662 haec
290 3600 367 3663 loca
379 3601 460 3664 adiit
482 3605 514 3664 et
537 3602 667 3682 singula
682 3607 836 3666 accurate
849 3601 1036 3685 exploravit
1047 3600 1099 3686 (v.
1117 3603 1222 3673 Italis
1234 3615 1298 3673 ant

202 3721 238 3783 p.
254 3697 345 3781 192),
363 3719 423 3763 nec
436 3701 547 3783 plures
562 3700 739 3781 Valvasor,
761 3722 858 3785 quem
872 3721 950 3766 cum
963 3720 1004 3766 eo
1018 3709 1299 3788 comparavimus,

202 3803 236 3866 in
250 3799 384 3864 Crainia
397 3799 439 3865 T.
453 3818 477 3877 1,
493 3821 530 3883 p.
543 3801 609 3866 272
618 3821 690 3886 sqq.
704 3803 855 3887 612sqq.
901 3802 1037 3869 Scilicet
1049 3824 1113 3888 pro
1127 3811 1209 3875 emi
1221 3816 1301 3877 tam·

697 4002 806 4054 NOTA.

277 4131 285 4157 ¹
305 4129 337 4180 V.
349 4130 440 4181 Franc.
452 4130 576 4182 Griselini
585 4131 693 4185 bettore
705 4133 748 4186 uel
759 4134 884 4187 Giomele
894 4131 1009 4189 d'ltelie'.
1017 4136 1065 4191 To.
1075 4148 1119 4204 xl,
1128 4152 1157 4206 p.
1168 4143 1229 4193 u&
1285 4152 1292 4163 ’
