2664 4686
119 272 208 341 teet
533 290 738 361 excussus¹
755 292 816 343 ιιι.

120 436 212 505 Nom
225 435 343 521 etipse
358 433 540 520 Dionysius
553 442 621 501 tres
634 456 708 501 enm
721 456 826 504 annos
839 441 1229 529 emulatinoregn,

121 544 241 627 quarto
255 538 298 602 ab
311 536 385 621 ejus
399 544 502 603 morte
517 558 606 604 anno
619 540 653 603 in
667 560 781 624 pugna
794 562 873 607 cnm
888 542 1079 610 Mecentio
1096 566 1229 615 umn-

119 640 209 727 plius
223 640 423 724 apparuisse
437 647 545 705 narrat
558 642 617 705 lib.
634 659 659 721 1,
673 642 728 709 64.
767 642 868 728 Apud
884 646 1099 731 Synceilum
1112 670 1228 735 (μορ

121 762 157 829 p.
169 742 234 811 171
249 759 282 805 e.
300 760 336 807 o.
351 740 455 826 (unde
470 740 594 809 Euseb.
611 743 750 810 Hieron.
765 745 855 809 idem
869 746 1082 833 habet)tres
1092 750 1230 834 postla-

120 844 225 911 tinnm
248 863 364 921 annos,
390 844 570 910 seeundum
593 845 679 911 alios
702 853 791 924 octo,
809 867 982 931 regnasse,
1014 858 1105 929 tum,
1129 860 1168 919 ut
1182 852 1229 919 ιΕ

118 944 260 1025 uiant,
290 953 419 1030 quarto,
448 952 485 1012 ut
508 949 578 1026 alii,
608 948 806 1014 duodecimo
831 969 854 1014 e
877 950 990 1036 'l'roja
1018 958 1129 1037 mpu
1154 974 1228 1021 u

118 1046 246 1115 obiisse
260 1048 389 1113 dicitur.
432 1046 512 1114 Alio
536 1049 614 1113 loco
637 1070 672 1133 p.
694 1050 1005 1133 itit-fragmentum
1029 1073 1081 1119 ex
1100 1054 1227 1123 uirus

117 1148 177 1215 lib.
201 1166 254 1215 vn
281 1151 437 1228 servavit,
460 1170 528 1233 quo
541 1158 757 1216 memoratum
769 1158 848 1230 erat,
862 1154 964 1218 tertio
978 1174 1004 1219 a
1016 1162 1128 1240 capta
1138 1154 1227 1243 Tro'p
1260 1174 1262 1201 ¹

119 1270 204 1319 anuo
217 1252 358 1319 AEreum
371 1271 508 1335 regnum
522 1251 715 1315 Latinomm
730 1253 916 1318 obtinuisse
930 1274 996 1338 per
1010 1256 1202 1323 triennimn.

248 1374 280 1421 u.
296 1374 329 1420 c.
346 1372 383 1419 rt.
399 1355 497 1419 1173.
542 1374 574 1418 a.
589 1353 752 1419 adventus
765 1355 800 1417 iu
814 1354 951 1421 ltaliam
964 1358 1001 1423 6.

120 1454 238 1525 Rutuli
250 1458 428 1538 rebellant;
446 1455 556 1539 jungit
579 1473 674 1519 arma
697 1453 895 1533 Mezentius,
918 1455 1149 1525 Etruscorum
1163 1480 1225 1527 rex.

120 1556 227 1627 Facto
240 1560 357 1646 preelio
371 1560 496 1623 AEneas
511 1558 711 1640 interceptus
725 1574 888 1639 nusquam
898 1557 1023 1623 deinde
1033 1564 1224 1647 componit

119 1662 276 1727 Succedit
283 1662 316 1726 in
324 1681 425 1745 regno
438 1658 629 1724 Iaduorum
638 1655 829 1723 Ascanius:
846 1658 1024 1725 obsidemr
1035 1661 1224 1733 lovinium:

117 1780 197 1827 mox
213 1782 325 1847 pugna
337 1760 428 1827 facta
442 1759 626 1824 Mezentius
641 1759 849 1825 obsidionem
861 1759 978 1827 solvit.
1009 1762 1073 1828 Ita
1087 1764 1222 1850 Dionys.

118 1860 215 1939 1,·64.
230 1864 284 1928 oo.
308 1861 405 1927 conr.
421 1862 496 1925 Liv.
513 1877 538 1937 1,
553 1861 586 1925 2.
629 1860 749 1926 Victor
763 1860 806 1926 θ’.
819 1860 866 1927 G.
880 1860 926 1925 lt.
939 1862 1039 1943 lt..

245 1982 277 2027 a.
295 1981 328 2028 e.
345 1979 381 2027 rt.
395 1961 492 2027 1148.
536 1980 569 2025 a.
585 1960 749 2027 adventus
762 1963 796 2026 iu
809 1960 944 2029 Italiam
956 1964 1017 2031 m.

118 2062 198 2131 Hoc
212 2083 298 2131 anno
313 2084 357 2129 ex
370 2062 557 2146 Virgilium
570 2063 806 2147 supputatione
814 2060 910 2129 Albe
919 2063 1045 2149 Irongn
1054 2068 1221 2137 cordium

116 2164 160 2231 ed
173 2168 333 2233 veriorem
347 2170 457 2230 tamen
469 2164 630 2230 rationem
643 2171 761 2247 quarto
774 2168 849 2229 ante
867 2164 958 2241 hunc
980 2186 1072 2233 anno
1091 2190 1126 2236 a.
1140 2189 1172 2239 o.
1185 2188 1220 2239 rt.

116 2268 204 2334 1152
216 2266 372 2354 trigesimo
388 2273 465 2350 post
478 2266 656 2331 Lavinium
670 2263 849 2341 eonditum,
870 2270 918 2344 ut,
933 2266 965 2329 si
977 2267 1067 2343 beue
1079 2272 1219 2350 mhi,

116 2388 232 2433 omnes
245 2370 425 2452 scriptores
439 2373 569 2452 tempus
583 2364 699 2430 finiunt
711 2387 719 2429 :
743 2365 787 2430 cf.
804 2364 946 2431 Cerdam
957 2368 1005 2433 ad
1017 2370 1101 2435 AEn.
1110 2390 1138 2451 ι,
1147 2374 1219 2441 278.

115 2466 234 2535 Victor
248 2470 290 2533 0.
305 2469 350 2534 G.
365 2469 409 2533 R.
424 2471 478 2533 17.
524 2468 581 2531 Sic
597 2484 731 2549 quoquc
745 2466 866 2531 diserte
880 2465 1047 2550 Virgilius
1060 2471 1122 2537 lib.
1142 2492 1218 2555 ιιιι,

115 2570 159 2636 47
172 2570 306 2636 inventa
321 2572 431 2635 statim
447 2570 509 2633 sub
524 2567 750 2633 escensionem
771 2586 831 2631 sue
852 2568 951 2633 alba:
976 2570 1057 2637 ‘Ex
1082 2594 1152 2658 quo
1174 2584 1218 2643 ter

114 2670 209 2735 denis
222 2673 334 2735 urbem
348 2671 559 2734 redeuntibus
574 2669 668 2733 aunis
683 2666 852 2733 Ascanius
864 2671 946 2735 clari
959 2674 1082 2739 condet
1101 2696 1217 2761 eogno-

113 2770 212 2835 minis
226 2768 370 2834 Albam!
415 2770 523 2834 Paulo
545 2769 718 2833 obscurius
741 2770 828 2833 idem
848 2769 980 2854 Jupiter
995 2773 1041 2837 ad
1055 2773 1216 2843 Venerem

114 2869 314 2935 vaticinatus
345 2875 416 2935 erat
438 2870 496 2933 lib.
521 2886 546 2946 1,
570 2868 634 2933 271
662 2867 730 2934 ‘At
751 2890 832 2953 puer
855 2868 1216 2961 Ascanius—'Iriginta

112 2988 251 3055 magnos
279 2972 447 3037 volvendis
470 2970 638 3035 mensibus
664 2972 760 3035 orbes
782 2971 928 3055 Imperio
956 2975 1120 3057 explebit,
1146 2998 1214 3061 reg·

113 3093 259 3160 numque
272 3075 316 3138 ab
331 3073 408 3139 sede
424 3073 544 3139 Lavini
558 3072 760 3151 Transieret,
785 3080 818 3137 et
836 3074 967 3157 longam
979 3078 1086 3144 multe
1102 3081 1136 3147 vi
1147 3100 1212 3145 mu·

87 3236 94 3247 .
112 3177 183 3243 uiet
196 3176 340 3243 Albam!

158 3278 199 3342 In
226 3278 398 3342 duratione
422 3297 501 3342 vero
523 3277 612 3361 regni
634 3274 837 3343 Albanorum
859 3285 893 3346 et
914 3281 1091 3349 intervallo
1111 3303 1211 3368 usque

111 3378 156 3442 ad
182 3378 327 3442 Romam
351 3377 520 3443 conditam
545 3378 704 3460 Virgilius
727 3400 749 3444 a
771 3400 849 3444 vera
869 3381 1017 3448 historiar
1039 3386 1163 3451 ratione
1179 3391 1210 3449 et

111 3480 256 3543 omnium
285 3479 483 3563 scriptorum
510 3480 576 3543 fide
605 3481 740 3561 recedit,
766 3481 797 3545 si
821 3503 936 3563 unum,
961 3504 1062 3569 quem
1083 3486 1208 3571 quidem

107 3581 198 3657 novi,
222 3579 392 3645 lustinum
418 3582 476 3645 lib.
501 3598 615 3658 xuul,
630 3584 650 3646 l
674 3583 849 3667 excipias:
875 3586 967 3669 apud
981 3607 1084 3671 quem
1098 3589 1207 3673 longa

109 3679 342 3765 Alba—‘queo
369 3685 522 3747 trecentis
546 3684 641 3747 annis
669 3690 772 3768 caput
796 3686 889 3767 regni
911 3686 1007 3753 suit!
1027 3690 1081 3754 sic
1101 3694 1205 3755 autem

108 3781 272 3867 Virgilius
287 3805 422 3869 quoque
437 3788 471 3850 iu
483 3786 587 3851 nobili
601 3805 698 3850 versu
723 3787 781 3850 lib.
799 3804 824 3864 1,
838 3788 915 3852 276.
959 3790 1054 3853 ‘Hic
1071 3791 1144 3877 Jam
1161 3796 1204 3857 ter

109 3893 240 3952 eentum
264 3894 352 3952 totos
376 3890 561 3969 regnabitur
585 3886 711 3951 annos?
763 3887 942 3954 Enimvero
966 3910 1033 3956 non
1060 3910 1127 3957 cce
1149 3889 1202 3959 eod

108 4005 197 4053 cccc
213 4007 317 4052 anuos
330 3989 413 4052 inter
427 3988 551 4054 Albam
573 3993 606 4053 et
630 3986 773 4053 Romam
794 3989 961 4054 conditam
984 3993 1203 4059 intercessisse

107 4106 236 4156 summo
251 4109 415 4158 censeam
428 4091 602 4175 scriptores
615 4088 761 4169 tradunt,
798 4088 840 4155 In
854 4086 1012 4176 postumo
1025 4093 1140 4163 libello
1149 4091 1199 4160 Jo.
