2692 4974
126 582 213 647 tittz
582 594 778 645 asenneus

127 738 231 806 nostri
252 737 420 803 extiterint
434 735 626 818 Editiones3
647 742 782 803 nnmero
795 737 906 803 sorsan
919 737 1049 823 plnres,
1072 757 1118 803 ae
1131 740 1224 807 serm

126 872 233 954 magis
255 871 407 949 diversae,
432 889 532 954 quam
559 874 742 936 ceterorum
768 871 927 948 omniurn,
959 872 990 935 si
1021 869 1224 937 Horatianus

126 1006 291 1087 excipias,
304 1005 478 1088 podtamm
493 1003 738 1084 Romanorum
760 1004 861 1068 immo
871 1004 974 1068 etiarn
989 1004 1112 1069 mirari
1125 1005 1224 1082 lineat,

125 1137 266 1204 simodo
279 1139 409 1214 minna,
426 1155 574 1201 summos
589 1137 724 1201 criticos
734 1137 958 1202 elaboravissa
970 1138 1222 1224 inexplioando,

123 1270 329 1346 illuso-ando,
352 1270 542 1335 decorando
558 1289 722 1334 summum
742 1269 896 1354 poetam
933 1268 1025 1348 Quis
1043 1273 1137 1336 enirn
1154 1273 1220 1337 inei

125 1404 264 1471 Latinos
279 1409 346 1468 tarn
370 1402 509 1480 nitidus,
530 1408 598 1467 tam
612 1403 757 1483 elegans,
779 1408 848 1467 tam
869 1402 1003 1481 doctus,
1025 1408 1100 1467 tam
1124 1421 1218 1467 nane·

124 1557 232 1614 rosus,
251 1557 353 1621 quarn
362 1536 551 1620 Virgilius?
570 1533 755 1619 poetarum,
777 1541 816 1601 ut
828 1540 983 1613 vocatur,
1000 1535 1217 1610 docfissinn,

124 1671 225 1735 immo
242 1666 342 1733 Plato
354 1670 515 1755 po'e‘tornm
524 1693 547 1740 ,·.
557 1667 712 1751 scriptor,
726 1673 888 1741 ntomnes
899 1667 1023 1735 eruditi
1037 1668 1083 1737 da
1096 1689 1137 1736 eo
1146 1689 1216 1756 pra·

123 1803 245 1882 dicant,
267 1824 333 1868 non
346 1805 452 1886 magis
466 1802 587 1885 ingenii
602 1801 725 1865 alacris
739 1821 841 1884 quam
849 1801 973 1886 judicii
988 1804 1153 1868 aoerrinri.

167 1936 255 2015 Quae
271 1957 347 2001 cum
362 1938 410 2001 ita
423 1938 500 2014 sint,
526 1936 734 2001 manifestum
756 1938 816 2002 erit
833 1937 968 2020 poetam
981 1944 1138 2004 nostrum
1149 1938 1215 2004 ado·

121 2071 304 2136 lescentum
316 2069 603 2153 expectationibus
617 2087 688 2153 prae
703 2070 832 2133 cunctis
846 2067 978 2135 Ietinis
992 2070 1068 2139 tore
1082 2072 1216 2157 gratissi·

119 2223 223 2280 mum,
246 2210 407 2268 eteorum
430 2201 631 2265 institutioni
657 2198 842 2285 studiisque
866 2219 967 2286 qnam
991 2205 1216 2271 maximaido·

120 2356 229 2414 neum,
252 2337 286 2399 in
305 2314 422 2418 primis
438 2335 526 2417 quod
542 2335 625 2399 adeo
639 2336 790 2418 poeticos
805 2337 968 2402 illecebris
983 2340 1146 2419 abundat,
1168 2341 1215 2405 de·

122 2469 371 2554 scriptionibus,
394 2470 544 2552 picturis,
566 2468 692 2551 figuris,
712 2469 871 2552 jucundis
893 2473 1155 2552 narrationibus,
1168 2475 1214 2541 tn·

119 2605 274 2687 bulisque
296 2604 443 2669 historia
471 2605 680 2682 intermixtis,
703 2610 741 2668 ut
763 2605 844 2669 nihil
866 2625 992 2689 supra:
1014 2610 1084 2674 sed
1107 2609 1215 2693 magis,

120 2737 213 2821 quod·
224 2738 352 2822 optima
364 2736 494 2802 virtutis
517 2737 714 2821 suppeditat·
729 2739 908 2821 exempla3
928 2742 1214 2835 parentari-filio

118 2891 202 2948 rum,
226 2877 260 2935 et
274 2877 497 2952 cognatorum,
521 2871 714 2947 amiconnn,
738 2871 970 2955 sociorumque
993 2875 1109 2941 officia
1131 2875 1214 2943 etai-

118 3004 224 3068 fectns
239 3003 399 3084 depingit,
420 3003 530 3067 omnia
541 3002 620 3066 laete
634 3003 731 3067 simul
756 3008 789 3067 et
802 3005 944 3085 graviter
959 3005 1137 3076 delineata.
1180 3009 1210 3074 si

118 3137 158 3199 de
183 3135 417 3215 Bastoralibns
440 3136 520 3217 agit,
553 3137 688 3200 consule
714 3137 824 3219 dignae
846 3144 923 3203 sunt
947 3143 1096 3224 sylvae;¹
1128 3142 1212 3209 side

117 3269 301 3352 Georgicis,
320 3288 399 3352 ager
413 3269 499 3335 ridet
511 3272 632 3350 omnis,
644 3279 677 3336 et
691 3292 796 3337 annus
810 3280 861 3338 est
869 3273 1168 3359 formosissimus;²
1186 3278 1211 3341 si

117 3403 158 3488 ‹Je
172 3402 323 3481 heroicis,
339 3405 540 3483 fortitudine,
554 3406 810 3490 pulchritudine,
821 3409 975 3488 consilio,
984 3412 1114 3478 AEneas
1124 3429 1209 3497 pane

99 3525 102 3530 ’
119 3538 270 3601 omnibus
281 3538 456 3616 antecellit,
472 3558 513 3603 ec
525 3541 554 3602 si
564 3540 690 3624 Apollo
697 3543 863 3626 ipseineo
872 3545 966 3609 visus
974 3548 1037 3612 sit:

550 3675 655 3743 Haud
668 3679 727 3744 illo
741 3679 874 3762 segnior
889 3681 961 3746 ibat

290 3806 433 3887 AEneas3
451 3814 577 3874 tantum
590 3813 721 3894 egregio
733 3812 835 3878 dacus
849 3815 948 3880 enitet
962 3811 1046 3881 ore.³

115 3937 212 4002 Idem
224 3939 374 4008 vero'iile
388 3938 476 4007 tomo
490 3951 550 4025 est,
573 3951 606 4010 et
618 3945 746 4012 inserent
769 3952 894 4013 naturae
909 3948 985 4033 ejus
999 3949 1148 4019 humana
1161 3951 1203 4016 in·

612 4156 733 4215 ΝΟΜ..

146 4287 154 4312 ¹
175 4283 230 4332 Eoi.
242 4298 282 4334 ιν.
296 4266 321 4335 i.
600 4336 627 4377 ,ι
718 4289 729 4322 ³
747 4289 804 4343 din.
817 4306 854 4343 nv.
867 4279 922 4344 liv.

146 4359 158 4388 ²
177 4359 339 4415 Echinos.
