2664 4686
522 281 721 331 BXGURSUS
744 281 802 330 lli.

413 621 788 701 EXCURSUS
839 618 918 698 111:

480 798 530 848 nn
547 783 646 851 nouo
662 793 841 850 nnosnuo.

155 965 195 1022 ιι,
210 947 264 1010 15.
280 944 333 1009 16.
358 939 410 1006 De
427 939 520 1027 Equo
539 939 674 1028 Trojano
689 941 876 1026 episodium
889 959 934 1005 ex
950 938 1120 1007 Pisandro
1133 941 1200 1027 peti·

109 1058 178 1114 tum
202 1064 287 1123 csse,
301 1044 388 1109 salso
414 1062 436 1106 a
459 1043 638 1109 Macrobio
659 1043 826 1119 traditum,
851 1060 955 1124 supra
976 1038 1203 1108 declaravimus

109 1150 195 1214 Exc.
212 1164 223 1210 1
240 1146 283 1210 ad
297 1146 382 1209 hunc
396 1146 528 1210 librum.
572 1144 759 1209 Videamus
780 1144 891 1226 igitur,
908 1161 953 1206 an
977 1144 1204 1226 probabilieli·

109 1269 176 1334 qua
193 1248 319 1312 ratione
341 1246 491 1331 expediri
511 1248 631 1331 possit,
644 1266 743 1330 quem
766 1245 869 1309 alium
892 1250 1065 1310 auctorem
1087 1251 1206 1311 secum

109 1354 322 1516 8ηΙξΙἜίξίιὶιιε
338 1416 412 1533 jam
427 1447 526 1513 Iliad.
543 1455 580 1527 0,
595 1450 638 1514 71
653 1449 851 1513 mentionem
877 1445 924 1510 rei
947 1447 1129 1510 obscuram
1141 1444 1208 1530 inje
1254 1431 1257 1477 ¹

113 1561 215 1631 cerat,
231 1549 316 1614 eiciu'
330 1549 444 1634 Ἀχαιοὶ
453 1545 543 1612 Ἴλιον
565 1548 633 1612 αἰπὺ
655 1546 752 1625 ἕλοιεν,
765 1543 908 1621 Ἀθηναίης
925 1542 1113 1623 διαζβουλίις.
1156 1544 1210 1611 Sed
1255 1551 1257 1610 j

111 1653 372 1719 disertius-idem
386 1653 428 1717 de
443 1652 541 1736 Equo
556 1653 625 1734 egi-t
643 1649 768 1734 Odyss.
788 1657 825 1727 Θ,
840 1650 918 1714 492.
933 1657 974 1727 Δ,
989 1649 1057 1713 271
1073 1668 1160 1733 sqq,
1179 1647 1209 1711 dc

112 1756 232 1836 quibus
246 1754 331 1816 locis
346 1753 433 1816 infra
443 1752 630 1816 videbimus
646 1751 733 1816 Exc.
757 1767 823 1815 vn.
870 1750 962 1814 Huic
976 1758 1138 1834 tauquam
1150 1750 1210 1816 sm

112 1854 267 1917 damento
279 1857 503 1935 superstructa
515 1853 578 1918 fuit
593 1854 799 1918 communior
814 1853 928 1936 aliqua
941 1853 1103 1929 namatio,
1124 1870 1210 1937 quau

86 2025 89 2030 ,
111 1955 231 2034 partim
255 1973 276 2016 a
301 1953 447 2016 Lescheo
472 1955 592 2035 partim
618 1955 661 2016 ab
685 1953 823 2017 Arctino
845 1952 879 2014 in
898 1947 989 2014 ’iniec
1011 1947 1136 2040 cigenti,
1157 1950 1212 2017 nisi

112 2056 283 2137 utriusque
297 2054 386 2118 idem
403 2053 468 2117 fuit
492 2061 619 2132 auctor,
635 2055 822 2137 expositam
836 2071 923 2131 esse,
944 2071 988 2116 ex
1010 2053 1126 2118 Procli
1139 2053 1212 2136 fing-

112 2165 221 2219 mento
245 2155 421 2219 discimus:
454 2160 626 2239 utrumque
648 2154 808 2238 Virgilius
827 2159 960 2218 secutus
981 2172 1059 2219 esse
1082 2155 1212 2221 videmn

113 2262 150 2319 ut
163 2276 207 2321 ex
222 2257 468 2338 comparatione
483 2255 682 2337 intelligitur.
727 2254 872 2333 Quintus
887 2252 960 2318 Cal.
978 2270 1051 2331 xn,
1068 2255 1134 2320 134
1148 2274 1212 2339 sqq.

114 2357 274 2439 copiosus
289 2361 341 2418 est
353 2357 417 2420 hac
440 2356 476 2418 in
501 2375 552 2435 re3
575 2362 608 2419 et
634 2355 776 2418 occurrit
801 2353 917 2438 Equus
931 2353 1104 2438 Trojmns
1125 2354 1214 2421 simili

113 2456 180 2520 scre
194 2457 302 2520 forma
316 2477 357 2521 ac
372 2461 461 2520 statu
473 2458 508 2519 iu
523 2456 656 2519 Tabula
672 2455 792 2532 Iliaca,
816 2473 893 2538 quae
908 2455 942 2518 in
956 2454 1020 2520 hac
1034 2465 1132 2539 parte
1146 2456 1215 2522 Ilia·

115 2555 189 2619 dem
204 2575 342 2638 parvam
356 2557 452 2637 sequi
466 2556 645 2637 profitetur.
691 2555 833 2619 Diversa
856 2561 964 2619 tamen
977 2558 1138 2623 nonnulla
1150 2576 1215 2623 cun

116 2674 138 2717 a
151 2660 265 2718 nostro
279 2659 349 2717 tum
364 2673 386 2716 a
399 2657 516 2718 ceteris
538 2655 651 2737 potus
665 2660 699 2720 et
713 2655 935 2737 grammaticis
954 2657 1084 2721 narrari
1096 2658 1216 2734 videas,

116 2751 160 2818 ci.
177 2753 303 2837 Hygin.
319 2752 343 2817 i.
358 2755 434 2819 108.
449 2760 483 2819 et
492 2754 586 2832 Not,
603 2776 679 2839 quae
703 2757 780 2840 ipsa
795 2777 847 2821 res
861 2765 1054 2839 augumento
1067 2754 1129 2838 est,
1143 2758 1217 2823 mul·

116 2860 169 2918 tos
182 2874 226 2919 ex
239 2856 480 2938 antiquioribus
495 2855 605 2939 po'etis
620 2859 653 2921 in
668 2878 710 2923 ea
723 2859 909 2923 narratione
924 2858 1078 2923 ornanda
1092 2877 1218 2943 operam

116 2955 311 3021 collocasse.
356 2956 477 3021 Heleni
492 2957 631 3021 consilio
647 2958 779 3043 Equum
797 2964 1003 3024 exstructum
1026 2979 1114 3038 esse,
1127 2961 1219 3026 tradi·

107 3062 188 3121 'tum
203 3059 247 3122 ab
272 3057 365 3122 aliis:
401 3075 435 3120 v.
451 3057 579 3123 Conon.
602 3059 656 3123 34.
700 3058 748 3123 At
763 3058 906 3124 Procius
930 3079 950 3123 e
974 3060 1144 3128 lescheo:
1177 3061 1219 3126 nal

116 3161 228 3234 Ἐπειὸς
254 3158 320 3222 κατ’
349 3161 464 3237 Ἀθηνᾶς
491 3159 650 3246 προαίρεσιν
678 3160 725 3222 τὸν
740 3159 868 3248 nortgaoe
896 3161 978 3225 ἵππον
1007 3164 1222 3245 κατασκευάζῃ.

119 3262 269 3345 Panopei
293 3264 347 3325 ille
362 3263 463 3340 iilius,
480 3261 677 3342 Phocensis,
699 3283 801 3345 genus
824 3265 868 3327 ab
884 3265 993 3329 AEaco
1008 3265 1169 3332 ducebat:
1192 3284 1223 3329 v,

118 3361 266 3427 Pausan.
284 3379 325 3439 11,
341 3364 394 3428 29.
418 3386 451 3447 p.
467 3365 543 3429 178.
565 3364 651 3428 unde
665 3366 821 3448 intellige,
835 3365 1002 3450 quomodo
1017 3367 1074 3431 ille
1095 3367 1224 3444 Αἰακίδης

117 3463 302 3545 appellatus
327 3465 370 3527 sit
393 3466 479 3548 apud
504 3465 660 3530 Tzetnam
686 3469 719 3531 in
749 3467 924 3532 Posthom.
952 3469 1029 3533 632.
1056 3470 1102 3534 ad
1129 3490 1225 3555 quem

116 3563 228 3625 locum
242 3562 308 3625 alia
321 3561 362 3625 de
385 3584 425 3629 eo
449 3568 578 3630 notavit
591 3565 730 3632 Jacobs.
775 3568 817 3632 In
835 3568 1068 3652 'l'ryphiodoro
1086 3588 1121 3633 v.
1134 3572 1178 3637 61
1195 3575 1226 3637 et

119 3662 153 3726 in
177 3659 323 3725 Petronii
346 3663 452 3729 halosi
475 3665 587 3750 Trojae
610 3667 803 3731 rhetoricam
829 3670 1043 3734 ambitionem
1057 3669 1159 3736 facile
1172 3693 1226 3756 ag-

118 3783 251 3829 noscas.
296 3763 442 3848 Ineptior
470 3774 576 3831 tamen
601 3767 860 3852 Tryphiodonrs.
910 3771 1059 3856 Operum
1088 3775 1227 3838 nonnul·

119 3866 224 3930 lorum
239 3866 357 3928 veteris
372 3869 452 3931 artis
468 3875 693 3949 argumentum
704 3869 771 3963 *fuit
793 3870 847 3936 hic
861 3872 950 3937 idem
966 3873 1085 3957 Equus
1101 3876 1226 3965 Δούρειος

121 3967 175 4029 vel
189 3963 355 4051 Δουρᾶτεος,
379 3973 416 4030 ut
441 3970 473 4031 in
496 3989 571 4033 arce
586 3969 790 4037 Athenarum
804 3992 848 4036 ex
864 3994 942 4053 aere,
966 3995 1022 4059 ap.
1039 3976 1186 4043 Pausan.
1203 3996 1227 4054 1,

122 4065 166 4130 23
179 4074 211 4132 ct
225 4068 260 4131 in
283 4067 461 4153 Polygnoti
484 4071 596 4136 tabida
615 4072 704 4156 apud
728 4073 878 4158 Delphos
897 4077 979 4143 ibid.
996 4095 1038 4158 x,
1054 4080 1099 4146 26
1113 4078 1226 4166 (quem
