2664 4686
130 310 217 375 tare
547 320 746 372 excursus
768 306 817 371 a·

128 472 152 539 J
154 491 209 538 am
221 469 368 555 pectinem
382 490 446 535 non
460 490 534 535 esse
547 489 648 554 posse
663 490 750 548 eum,
777 488 875 554 quem
889 467 993 532 nostri
1007 466 1161 533 homines
1172 489 1220 554 ep

128 575 253 661 pellant
272 569 433 657 (Kumm),
459 572 668 637 manifestum
683 571 722 637 fit
734 592 778 636 ex
791 572 895 636 altero
907 571 985 635 loco
999 570 1037 633 in
1055 570 1096 635 11.
1113 588 1153 650 x,
1169 570 1222 636 448

128 677 186 743 ubi
201 675 433 740 Andromache
448 675 524 737 terte
539 672 659 751 ὑφαίνει,
684 693 825 759 cumque
837 674 996 737 exterrita
1007 678 1104 737 esset
1115 672 1224 738 auditis

128 777 293 851 lamentiS,
315 779 364 851 τῆς
387 777 409 837 δ’
424 771 811 862 ἓλελ1χθηγιῖα,χαμα111
832 778 857 836 ei
877 771 978 836 iamt
992 771 1102 858 xrpxle.
1136 772 1224 851 Nan,

128 882 159 944 si
173 882 368 945 nostratium
380 880 627 943 instrumentum
640 878 769 957 suisset,
795 883 914 961 pecten
935 878 1011 962 ejus
1028 897 1134 943 manu
1147 877 1226 942 enci·

129 981 207 1046 dere
221 1001 287 1046 non
300 983 470 1065 potuisset.
503 980 577 1044 Nec
592 982 626 1044 in
642 978 783 1045 Marone
796 980 909 1045 locum
922 981 1074 1058 baberet,
1090 978 1225 1064 quaudo

128 1084 261 1168 quidem
283 1084 338 1147 hic
367 1081 457 1145 Circe
484 1082 664 1167 ‘percurrit
683 1082 816 1165 pectine
837 1081 948 1162 telas3’
970 1088 1005 1145 at
1018 1088 1136 1146 nostro
1148 1100 1225 1146 more

127 1185 202 1267 ipsa
217 1184 292 1260 tela,
318 1190 457 1260 stamen,
480 1184 638 1267 percurrit
651 1184 823 1266 pectinem.
868 1182 947 1247 Jam
969 1180 1090 1268 ripalta
1111 1183 1225 1267 quoties

127 1286 212 1350 alias
225 1286 377 1362 occurrit,
403 1304 476 1347 csse
488 1284 556 1348 iere
569 1285 720 1349 videmus
735 1292 867 1350 acutum
886 1285 980 1368 quid,
1007 1285 1151 1362 radium,
1171 1284 1225 1347 sir·

127 1406 214 1471 gam,
240 1387 405 1450 bacillum.
451 1386 491 1450 In
506 1386 684 1471 Sophoclis
698 1384 812 1469 Antig.
834 1388 900 1452 976
919 1386 1039 1449 Phinei
1056 1386 1135 1451 filiis
1147 1384 1223 1449 oculi

118 1487 238 1552 effossi
263 1485 395 1573 segniter
419 1489 554 1568 ἁκμαῖσι,
580 1486 670 1570 apud
685 1485 844 1552 Antonin.
859 1487 934 1551 Lib.
949 1486 995 1552 25
1010 1486 1146 1552 Orionis
1156 1487 1222 1550 liliae

121 1590 272 1670 ’ὖπάταξαν
297 1594 398 1664 ἑαυτὰς
423 1596 459 1675 τῇ
484 1589 587 1677 κερκίδι
613 1593 692 1674 rapot
712 1591 762 1666 τὴν
782 1590 879 1652 mna
902 1590 936 1652 in
951 1589 1041 1653 collo
1058 1595 1092 1653 et
1105 1597 1224 1653 mortua

127 1699 292 1758 corruunt.
338 1694 523 1777 Eurystheo
549 1693 664 1757 oculos
688 1691 800 1757 effodit
825 1690 989 1757 Alcmena
1009 1689 1225 1778 arpaleoapud

127 1791 285 1876 Apollod.
311 1812 352 1872 ιι,
377 1795 410 1870 8,
436 1795 468 1857 1.
513 1793 620 1857 Ροπο
641 1792 791 1876 pectinem
806 1790 976 1857 etmdium
992 1814 1071 1858 csse
1086 1793 1224 1868 eundem,

128 1902 267 1979 apparet
281 1895 339 1958 ins.
355 1915 400 1958 ex
414 1896 492 1958 AEn.
506 1910 563 1972 lx,
577 1895 644 1960 476
658 1895 826 1960 ‘Excussi
839 1897 996 1960 manibus
1010 1897 1098 1959 radii
1113 1895 1226 1961 revolu-

36 2056 38 2059 .
127 2001 226 2080 taque
250 1993 378 2080 pensa}
401 1996 491 2078 quod
515 2015 652 2061 versum
669 2000 721 2061 est
739 2015 783 2061 cx
802 1996 983 2061 Homerico
998 2018 1104 2081 supra
1118 2015 1226 2061 meme

123 2103 211 2178 -rato,
227 2100 283 2162 ubi
304 2097 395 2184 κερκ1ς
415 2104 494 2163 erat.
538 2098 627 2181 Ergo
647 2106 765 2182 pecten,
792 2096 910 2176 rudius,
937 2099 1043 2185 κερκὶς,
1069 2099 1228 2183 designaut

123 2201 264 2267 candem
280 2220 338 2264 seu
355 2200 496 2263 similem
510 2210 590 2264 rein.
627 2197 738 2291 Etiam
752 2196 844 2262 radio
858 2201 1032 2283 pulsantur
1047 2201 1132 2265 fides
1146 2202 1227 2286 lyra,

128 2312 167 2366 ut
179 2307 212 2366 et
222 2301 363 2386 pectine:
386 2301 504 2365 docent
519 2309 625 2366 autem
640 2308 859 2380 monumenta,
884 2301 970 2366 bunc
985 2302 1093 2367 fuisse
1108 2309 1227 2367 tenuem

129 2404 286 2467 bacillum
303 2404 354 2466 vel
368 2403 493 2483 virgam
508 2404 610 2466 variis
625 2402 740 2466 somnis
754 2402 907 2467 effictam.

174 2504 211 2570 Si
236 2505 348 2587 itaque
372 2505 540 2585 quaeritur,
566 2506 622 2587 qui
642 2506 684 2567 sit
697 2510 850 2588 pertenet
865 2505 957 2589 κερκὶς
972 2506 1006 2568 in
1023 2509 1167 2572 textrina
1179 2524 1228 2570 au·

128 2607 283 2689 tiquiore‚
308 2623 441 2667 necesse
460 2612 511 2667 est
525 2624 621 2669 usum
635 2608 706 2690 ejus
720 2606 824 2669 fuisse
839 2606 873 2669 in
887 2607 1159 2672 discriminandis
1172 2606 1228 2672 tilis

130 2726 191 2769 seu
216 2704 425 2780 staminibus
451 2705 523 2768 sive
545 2713 582 2769 ut
605 2709 662 2770 via
685 2714 812 2792 pateret
831 2708 1034 2773 immittendo
1049 2708 1229 2784 subtemini,

130 2807 201 2869 sive
212 2811 249 2870 ut
263 2807 293 2868 ei
308 2805 492 2869 involutum
506 2808 558 2870 vel
579 2809 848 2873 circumvolutum
872 2807 1052 2874 affixumve
1072 2818 1166 2877 esset
1186 2812 1230 2894 ip

129 2927 204 2972 sum
225 2909 395 2971 subtemen
420 2910 702 2991 transmittendum
729 2930 787 2994 per
814 2911 976 2975 stamina:
1009 2912 1076 2977 hoc
1100 2914 1229 2978 alterum

129 3010 211 3075 sorte
225 3010 349 3074 dixeris
365 3010 583 3093 probabilius,
598 3013 678 3095 quia
689 3021 821 3096 argutus
834 3022 938 3094 pecten
954 3013 988 3074 in
1001 3020 1114 3077 nostro
1133 3013 1230 3078 dictus

129 3120 191 3190 est,
215 3119 247 3176 et
269 3113 350 3176 alibi
376 3115 413 3175 ei
432 3114 584 3195 strepitus
608 3115 780 3177 tribuitur:
804 3134 837 3176 v.
864 3114 907 3176 ud
923 3113 985 3177 Ge.
1010 3131 1036 3191 1,
1060 3116 1139 3180 294.
1162 3113 1229 3178 add.

128 3216 240 3278 locum
262 3234 293 3277 v.
318 3213 448 3276 46-48
466 3214 500 3275 in
526 3212 670 3296 Epithal.
685 3215 851 3278 laurentii
866 3223 899 3279 et
915 3214 1036 3280 Mariae
1052 3217 1088 3280 in
1101 3216 1230 3281 werne

130 3314 213 3378 dors.
232 3313 328 3376 Poet.
346 3313 417 3376 Lat.
434 3314 513 3378 min.
535 3314 632 3379 Tom.
650 3335 700 3393 rr,
717 3318 757 3381 P.
776 3319 1105 3400 11,p.495,pnssim
1119 3321 1156 3383 in
1170 3317 1231 3382 An

84 3416 96 3428 ”
128 3416 208 3479 thol.
223 3416 306 3477 utin
323 3414 490 3495 Antipatri
505 3415 613 3481 Carm.
631 3435 718 3481 xxti
736 3438 804 3481 sec.
821 3417 964 3481 Brunck.
976 3419 1114 3485 Archiae
1127 3419 1230 3488 Germ.

130 3532 185 3579 xl.
231 3514 279 3578 Ut
293 3516 460 3577 subtemen
476 3517 579 3581 coiret
594 3527 626 3582 et
640 3519 903 3594 condensantur,
916 3517 1026 3600 spotia
1041 3528 1126 3599 erat,
1137 3522 1231 3586 forma

128 3623 237 3683 tamen
253 3636 387 3698 prorsus
403 3618 535 3680 diversa
548 3638 569 3680 u
583 3628 693 3682 nostro
710 3620 935 3695 instrumento,
959 3639 1026 3701 quo
1041 3628 1151 3686 trama
1163 3621 1232 3685 deu·

129 3725 230 3785 retur.
275 3717 385 3799 Atque
400 3720 483 3796 baec,
504 3720 538 3782 in
552 3720 692 3783 editione
708 3721 816 3802 priore
832 3720 875 3782 nd
890 3720 922 3784 h.
937 3720 961 3783 l.
975 3728 1009 3782 et
1023 3741 1103 3804 sup.
1119 3722 1164 3787 ad
1177 3721 1231 3787 Ge

59 3826 73 3845 “
102 3824 116 3849 “
132 3839 157 3900 1,
180 3823 246 3886 294
259 3829 346 3883 recte
361 3821 525 3902 exposita,
551 3823 634 3884 utin
650 3820 753 3883 altera
769 3820 912 3884 editione
927 3821 1123 3900 desererem,
1149 3823 1232 3887 nullo

130 3925 249 3987 adduci
265 3922 365 3984 modo
380 3921 550 3985 debebam.
662 4004 664 4009 Ι

172 4024 335 4088 Videntur
361 4041 442 4085 sane
469 4024 501 4084 in
525 4024 658 4088 texendi
684 4030 751 4085 arte
775 4032 809 4087 et
834 4024 1057 4088 instrumentis
1083 4024 1234 4089 normullc

131 4121 296 4190 diversum
320 4127 356 4190 in
377 4124 512 4190 modum
537 4146 573 4189 se
598 4125 757 4189 babuisse
780 4127 988 4221 sequioribus
1010 4127 1235 4209 temporibua3
