2664 4686
176 315 265 384 4282
425 328 437 343 ·'
596 330 797 386 uxoonsos
820 328 873 384 tt.

178 479 268 545 euim
280 476 394 554 multo,
410 495 485 560 quae
504 474 560 541 hic
573 477 716 542 enarrari
728 481 906 560 nayueunt,
925 475 1156 553 manifestum,
1171 472 1278 543 Abori·

178 584 268 665 gines
291 578 333 643 ad
351 578 509 641 Ausonum
531 597 650 642 nomeu
671 578 881 661 pertinuisse,
896 578 986 661 quod
1007 579 1078 642 late
1102 598 1167 662 per
1190 585 1278 643 totu

179 682 312 748 Italiam
335 680 432 743 sedes
445 699 512 743 nou
526 699 592 743 uno
613 680 743 744 nomine
761 679 888 756 habuit,
902 687 939 743 ut
952 685 1065 743 tumen
1089 679 1278 763 Aborigiu

178 783 222 849 ad
235 782 384 847 Circeios
409 788 466 846 aut
480 783 563 845 sorte
586 781 630 844 ad
655 780 757 844 Lirim
781 800 888 864 usque
913 783 1123 845 babitarent:
1148 780 1279 865 pundo·

179 885 314 971 quidem
331 884 483 948 Latinum
506 902 636 958 nomen,
654 882 743 964 quod
756 883 790 946 in
803 882 892 945 illius
912 882 1023 946 locum
1047 885 1233 960 successit,
1247 900 1279 947 oo

179 1006 284 1070 usque
298 987 471 1070 pertinuit3
494 986 569 1048 hinc
584 1004 663 1048 vero
678 985 735 1066 qui
757 1004 817 1066 per
831 982 1053 1066 Campaniam
1077 990 1116 1048 et
1135 985 1281 1068 reliqua

180 1087 314 1155 ltaliam
328 1089 512 1152 inferiorem
534 1086 728 1163 habitarunt,
752 1087 880 1168 passim
894 1083 1071 1148 Ausonum
1087 1105 1214 1150 nomen
1225 1104 1281 1151 suo

179 1198 312 1269 vaurut3
335 1190 422 1253 unde
443 1188 533 1270 apud
559 1186 705 1264 Festum,
731 1189 766 1250 in
783 1184 935 1262 Ausonio,
951 1203 1089 1267 eapars
1114 1185 1281 1263 Italiam

114 1300 126 1307 '
181 1312 246 1377 qua
260 1298 336 1355 suut
350 1289 447 1354 Cales
461 1296 494 1352 et
508 1289 745 1366 Beneventum,
760 1288 867 1371 prima
882 1285 1056 1358 Ausonum
1072 1286 1179 1350 sedes
1191 1286 1280 1352 suino

179 1392 325 1459 traditur.
370 1388 426 1453 Ad
441 1390 545 1453 Lirim
560 1391 638 1453 urbs
653 1387 795 1453 Ausona
818 1389 924 1453 adhuc
948 1388 1011 1450 sub
1036 1385 1281 1463 Romanisiuit,

180 1512 257 1557 nam
284 1510 321 1558 υ.
349 1510 381 1555 o.
396 1493 461 1555 440
485 1510 526 1554 ea
544 1510 621 1553 eum
645 1489 823 1552 Mintumis
845 1494 879 1552 et
893 1488 1021 1552 Vescia
1043 1488 1088 1550 ab
1113 1488 1161 1552 iis
1186 1492 1281 1572 napa,

181 1598 192 1627 ‘
207 1594 378 1677 deletaque
393 1592 568 1656 Ausonum
583 1610 664 1672 gens
675 1589 693 1653 :’
715 1589 790 1653 Liv.
809 1605 866 1667 rx,
879 1589 934 1653 25.
972 1586 1026 1651 Ex
1041 1587 1168 1652 eodem
1180 1602 1282 1671 gerim

181 1694 331 1758 homines
356 1695 461 1757 luisse
486 1711 623 1756 necesse
647 1696 708 1768 est,
734 1690 792 1773 qui
816 1689 893 1753 loca
916 1688 1002 1752 intra
1022 1687 1282 1752 lametinumet

182 1793 372 1877 Scylaeium
387 1797 494 1857 sinum
518 1800 657 1868 tenuere,
673 1799 848 1874 autequam
864 1790 997 1871 Pelasgi
1012 1788 1167 1853 OEnotrii
1185 1806 1283 1854 eaoo

182 1903 355 1979 onparuut.
409 1896 495 1958 Pars
522 1914 634 1958 eornm
661 1895 727 1958 alia
759 1889 939 1976 Opicouou,
967 1891 1022 1954 vel
1055 1887 1223 1968 Oscorum,
1247 1902 1284 1954 ex

66 2080 68 2083 v
184 1994 321 2080 Opsois,
333 2016 451 2061 nomen
465 1997 592 2073 babuit,
603 2016 742 2079 quorum
757 2000 927 2077 superstes
942 1993 986 2056 ad
1001 1993 1133 2056 seriora
1147 1998 1285 2076 tempus

182 2096 245 2162 luit
258 2116 412 2161 nummus
434 2117 493 2180 per
512 2097 588 2160 loca
603 2094 799 2179 Campaniae
824 2095 976 2177 proxima
991 2091 1128 2169 Atellis,
1153 2093 1285 2158 undeet

183 2195 296 2282 liugan
313 2194 398 2260 Osce
412 2217 531 2262 nomen
546 2198 678 2272 mansit,
693 2214 794 2278 quam
805 2193 1042 2275 Aboriginibus
1054 2200 1091 2257 et
1099 2190 1284 2258 Ausouibos

183 2318 386 2363 eommrmem
412 2300 517 2363 fuisse
540 2300 689 2380 adeoque
716 2297 846 2361 Latinae
870 2303 975 2361 ortum
1000 2294 1137 2358 dedisse
1160 2308 1285 2361 neoeoeo

182 2406 245 2464 est.
291 2401 377 2463 Pars
406 2398 579 2465 Ausonum
606 2401 640 2463 in
672 2397 804 2462 Sabinos
833 2399 925 2475 abiit,
954 2417 1032 2480 pars
1056 2398 1093 2459 in
1118 2395 1285 2469 Annaea,

183 2499 275 2564 cultu
298 2500 355 2564 illa
378 2501 555 2580 horridior;
591 2501 682 2564 sacta
704 2500 834 2563 scilicet
855 2517 977 2579 magna
999 2497 1080 2560 vitoe
1108 2503 1144 2560 et
1169 2510 1286 2560 morum

54 2689 56 2693 ι
182 2602 373 2676 mutatione,
398 2602 456 2664 alii
471 2609 612 2664 veterem
635 2602 848 2684 asperitatem
862 2600 1038 2676 retinuere3
1060 2599 1142 2663 aliis
1159 2597 1286 2664 Gren-

184 2718 257 2763 rum
272 2701 475 2763 coloniarum
487 2707 574 2763 artes
588 2707 621 2763 et
633 2702 783 2764 instituta
792 2699 1042 2764 ascisoentibus.
1077 2697 1288 2763 Consentiunt

185 2817 262 2863 eum
285 2800 337 2862 his
360 2803 437 2864 loca
453 2800 589 2865 Aristot.
604 2801 646 2865 de
661 2801 750 2885 Rep.
768 2819 833 2881 vn,
849 2803 892 2866 10
907 2797 996 2884 ᾤκουν
1007 2801 1036 2862 δὲ
1050 2801 1084 2863 τὸ
1098 2803 1152 2880 μὲν
1167 2800 1234 2886 πρὸς
1247 2799 1287 2874 rio

187 2901 336 2986 Τυῤῥηνίαν
350 2902 473 2969 Ὀπικοὶ,
499 2902 547 2962 καὶ
570 2902 713 2987 πρότερον,
736 2905 785 2962 καὶ
811 2910 855 2964 νῦν
879 2901 1047 2982 καλούμενοι
1068 2905 1121 2978 τὴν
1141 2896 1288 2983 iroevopin

183 2999 313 3077 Αὔσονες,
329 3008 362 3066 et
376 3003 516 3092 Dionys,
533 3019 558 3078 }·,
573 3003 617 3066 72
631 3023 674 3066 ex
686 3001 882 3080 Aristotele,
897 3002 1012 3079 Ὀπικῆ,
1024 3001 1058 3064 iu
1072 3024 1139 3087 quo
1154 3000 1288 3067 Iatin-

185 3102 231 3169 Et
243 3104 395 3188 Thucyd.
413 3121 464 3180 vr,
484 3107 513 3180 l,
528 3123 603 3166 eum
621 3104 760 3186 Dionys.
778 3119 803 3180 1,
816 3104 860 3167 22
882 3108 893 3138 ‘
908 3103 1056 3181 Siculos,
1071 3103 1153 3168 dum
1167 3102 1288 3188 Opieot

184 3203 344 3284 fugerent,
360 3205 394 3266 in
408 3204 558 3266 Siciliam
580 3202 773 3287 trajecisse?
804 3204 866 3268 etsi
880 3203 1095 3286 'Thucydides
1117 3204 1288 3271 Siculooh

186 3303 338 3367 inferiore
363 3303 465 3365 ltalia
479 3304 676 3385 quaesivisse
690 3305 834 3368 videtur:
865 3303 947 3387 quia
971 3303 1076 3369 Italia
1095 3306 1143 3370 ab
1167 3302 1288 3371 oreas

186 3405 425 3484 antiquioribus
449 3402 490 3464 de
510 3410 659 3468 extrema
675 3415 770 3486 parte
786 3406 853 3468 dici
868 3405 1005 3468 solenne
1028 3416 1113 3471 erat.
1160 3406 1288 3472 Omnino

187 3508 295 3565 auteur
309 3505 429 3567 mirum
456 3521 520 3565 non
545 3513 608 3580 est,
633 3508 667 3568 in
691 3514 784 3570 tanta
799 3507 1001 3589 populorum
1027 3510 1287 3589 cognationem·

186 3601 276 3665 mina
289 3623 516 3684 saepenumero
531 3607 719 3685 promiscue
733 3609 824 3690 poni.

230 3701 287 3765 Ab
301 3703 363 3766 hoo
379 3707 544 3768 communi
563 3707 720 3768 ilrrsoruou
748 3719 802 3768 stu
806 3728 844 3790 pe
857 3714 964 3772 ortum
987 3706 1119 3771 duxere
1134 3715 1184 3774 tot
1196 3704 1285 3773 uomi‘

185 3803 285 3873 nibus
299 3801 411 3865 diuersi
430 3802 534 3867 ltuliu
546 3806 671 3889 populi:
694 3809 848 3889 permixti
863 3807 997 3890 quidem
1014 3808 1065 3870 illi
1080 3811 1285 3890 passimam

187 3905 354 3989 Pelasgis,
371 3907 452 3969 alibi
469 3928 544 3970 cum
569 3910 755 3974 Siculorum
770 3922 806 3975 et
820 3910 1022 3975 Umbrorum
1037 3912 1203 3995 reliquiis,
1216 3910 1285 3975 ora

186 4007 287 4071 otium
303 4029 378 4072 cum
395 4008 483 4083 aliis,
498 4012 556 4091 qui
572 4030 594 4073 a
608 4010 731 4086 Gallis,
758 4010 949 4092 ligruibus,
976 4009 1139 4075 Liburnis
1161 4012 1285 4092 dinque

189 4103 315 4189 lllyrici
330 4109 459 4192 generis
473 4111 609 4194 popidis
623 4111 687 4177 orti
699 4116 811 4190 erant;
840 4108 1030 4178 Ausonium
1046 4117 1286 4193 tamensem
