2664 4686
343 274 345 280 “
424 296 446 319 ··
497 285 737 341 numerari,
798 304 803 311 ·
895 320 898 325 ,
1081 272 1173 345 4575

58 424 396 501 Bibliotlr..Ull'enbaclr.
411 427 446 491 P.
460 442 507 489 rv.
524 447 554 506 p.
568 430 663 503 Μ),
677 427 1029 508 prolusioneaoademio'a
1038 433 1172 516 desorip'·

57 524 163 591 tuasb
178 523 274 585 Andr.
289 523 441 594 Bnchmio,
456 524 535 584 Proi.
550 534 581 585 et
594 526 735 587 Bibliotb.
747 528 845 589 Acsd.
861 530 972 601 Giess„
992 531 1067 602 elius
1079 551 1174 593 mem·

57 619 357 704 bnmeensonoiot,
377 620 413 679 in
422 619 608 681 bibliotheca·
622 623 804 685 Marobionis
816 625 955 686 Sereniss.
996 628 1045 687 De
1057 627 1172 689 Codice

58 711 259 789 Koitenroo,
275 735 363 794 quem
377 715 533 794 aliquoties
548 718 786 791 memoravimus,
801 739 894 799 nuper
908 721 937 783 in
961 721 1171 786 bibliothecam

57 814 199 893 Georgise
213 816 354 891 Augustae
370 812 462 883 illato,
484 813 679 873 narrationem
695 815 837 877 habemus
849 835 868 875 e
879 816 1171 885 virodoemsslsu.

58 907 293 979 annitente,
314 906 468 983 adjuncto
493 909 603 970 Pbilos.
628 909 703 970 Ord.
726 910 756 970 in
779 912 913 974 Univers.
937 913 1056 975 leneas.
1079 919 1172 990 (nuno

57 1005 137 1071 seori
159 1014 254 1068 cetus
277 1004 419 1067 curatore
443 1004 473 1064 in
487 1005 613 1066 Dioecesi
633 1006 845 1081 Ansbaceusi),
866 1011 1172 1090 conscriptam-1771.

56 1102 115 1171 fat
126 1101 177 1163 ille
190 1120 208 1161 e
221 1100 423 1162 recentissimis
436 1111 467 1160 et
477 1101 533 1163 sub
543 1101 608 1179 ipsa
618 1104 820 1181 typographiae
833 1104 917 1164 initia
925 1106 1054 1183 scriptus
1065 1107 1170 1173 Romen

56 1188 117 1263 aab
140 1197 244 1267 Paullo
264 1214 304 1259 11.
328 1216 403 1265 cum.
422 1196 482 1256 fide
504 1197 636 1276 quidem,
657 1199 713 1259 sed>
724 1200 763 1258 ab
776 1199 1041 1274 indoctolromine,
1049 1223 1118 1285 ¹nec
1132 1218 1169 1264 ex

56 1293 174 1375 optimo
188 1294 336 1373 exemplo.
376 1294 423 1355 Ex
445 1294 621 1354 lectionibus
633 1304 713 1357 certe
727 1297 873 1374 excerptis
888 1316 998 1375 paucas
1012 1299 1176 1362 utilitatem-

58 1391 194 1457 citimus
216 1392 325 1453 habere
349 1389 410 1451 vidi
437 1389 488 1465 (of.
518 1391 652 1470 Gotting.
676 1392 1173 1475 GelehrteAnzeigen-1771.·p.

60 1484 164 1562 1096.)
496 1499 498 1502 ’
997 1542 1001 1553 ,
1051 1540 1054 1545 .

63 1624 66 1633 -
101 1600 195 1649 1111.
216 1583 339 1646 Dudum
362 1585 436 1649 mihi
456 1585 624 1647 innotuerat
646 1586 748 1649 Codex
763 1588 943 1648 Erfurtensis
957 1608 973 1647 e
988 1588 1107 1653 libraria
1120 1608 1169 1663 su·

57 1680 200 1759 pellectili
214 1681 350 1743 Ctenobii
362 1683 459 1742 Portae
472 1683 555 1753 Coeli,
576 1683 665 1749 misso
687 1703 808 1762 quoque
831 1685 870 1744 ad
895 1704 942 1744 me
956 1685 1091 1745 lectionis
1105 1702 1170 1762 spes

58 1776 175 1848 cimino,
197 1776 276 1840 unde
295 1777 422 1841 intellexi
445 1799 482 1837 ex
494 1779 599 1839 eodem
613 1800 680 1840 eum
696 1800 765 1840 cum
779 1781 1024 1841 Gotbanissoute
1038 1780 1167 1847 fluxisse.

58 1872 222 1939 Audieram
244 1893 312 1932 mox
336 1873 436 1933 avim
460 1873 581 1938 doctiss.
604 1877 654 1936 Jo.
669 1875 749 1937 Frid.
765 1876 880 1953 Degen,
901 1878 940 1936 A.
955 1878 999 1936 M.
1014 1877 1169 1955 Gymnasii

60 1969 262 2039 Ambaceusis
282 1969 417 2047 collegio
441 1969 579 2048 ascripto,
600 1981 749 2049 repertum
768 1971 915 2042 codicem,
936 1974 1022 2048 cujus
1038 1972 1170 2052 descrip‹
1256 2032 1268 2049 ,

58 2065 169 2135 &nem
182 2066 247 2145 ipse
261 2065 383 2131 dederat
396 2067 496 2143 Progr.
514 2075 602 2134 1785.
645 2067 694 2124 Ab
708 2067 773 2143 ejus
784 2066 963 2127 humanitate
977 2067 1170 2147 iacileimpe·

59 2162 283 2229 travi'leotionis
295 2161 474 2234 varietatem,
496 2180 625 2239 moxque
648 2161 850 2233 ammadverti,
870 2181 932 2221 esse
945 2162 1026 2221 buno
1040 2163 1168 2225 eundem

58 2242 196 2323 αοᾱίοὲω
210 2277 279 2319 cum
294 2256 476 2328 Erfurtensi3
497 2276 535 2317 ex
549 2256 681 2317 claustro
695 2257 795 2335 itaque
810 2277 864 2317 suo
878 2269 1053 2335 pervenerat
1065 2257 1115 2318 ille
1127 2259 1167 2320 ad

59 2354 138 2421 lll¹¹⁰⁸
150 2355 281 2417 Comites
303 2354 341 2415 de
365 2353 553 2426 Schiinbom,
574 2363 766 2431 servaturque
778 2371 858 2417 nuuc
873 2353 1009 2432 Gaybaci
1023 2354 1052 2412 in
1069 2365 1166 2416 tractu

58 2451 228 2521 Erancooise
251 2449 514 2528 Steigerwaldeusi.
556 2449 780 2513 Criticususus
805 2447 914 2507 codicis
939 2459 989 2508 aut
1003 2449 1102 2510 nullus
1115 2460 1168 2511 aut

58 2547 182 2627 exiguus
196 2557 259 2618 est3
282 2565 351 2607 cum
371 2545 494 2606 indocte
518 2546 647 2625 scriptus
658 2564 714 2605 uec
728 2547 825 2605 minus
839 2542 959 2603 indocte
973 2555 1123 2617 correctus
1136 2554 1168 2607 et

58 2643 253 2722 incruentus
267 2642 306 2703 sit
318 2662 337 2702 a
351 2642 495 2721 pluribus.
519 2644 640 2704 Variaus
655 2643 758 2721 utique
771 2640 859 2703 lectio
873 2659 891 2699 e
905 2640 993 2701 meris
1007 2640 1084 2700 vitiis
1096 2660 1166 2720 pra·

58 2758 105 2807 γε
118 2740 270 2818 scripturas
284 2747 422 2810 constats
443 2749 484 2810 et,
499 2739 525 2799 si
539 2759 599 2818 qua
612 2750 656 2801 est
671 2737 829 2800 tolerabilis
843 2735 943 2807 lectio,
956 2744 1009 2796 usrt
1022 2757 1059 2796 ex
1071 2754 1167 2799 errore

57 2853 128 2908 cem
138 2833 301 2913 profectam
315 2852 379 2895 esse
392 2832 478 2894 facile
492 2834 672 2914 intelligitur,
694 2845 746 2895 aut
754 2833 819 2910 jem
832 2852 868 2891 ex
881 2831 945 2892 aliis
959 2833 1049 2894 codd.
1063 2833 1112 2894 illa
1120 2843 1169 2894 est

56 2939 187 2995 morsu.
229 2930 342 2992 inserui
355 2939 451 2992 tamen
465 2932 580 3009 potiora
593 2932 652 2993 suis
666 2931 749 2991 locis.
763 2962 765 2967 ·

100 3028 220 3089 Oblitus
234 3048 299 3088 sum
314 3048 441 3098 monere,
463 3029 551 3101 etiam
565 3027 746 3089 Bruuclsium
759 3034 897 3086 tractasse
916 3025 1070 3097 codicenu
1092 3033 1103 3062 ⁴
1116 3046 1167 3088 ve-

57 3131 152 3187 nam
166 3124 331 3204 probosque
345 3134 424 3184 notae
438 3125 627 3185 membranas’
640 3121 769 3201 appellat
782 3122 855 3199 ipsc,
877 3121 1028 3182 Semimrii
1041 3121 1164 3200 Episco-

56 3218 135 3298 palis
150 3219 228 3279 urbis
243 3219 510 3297 Argentomtensis.
537 3218 804 3280 Memorabiliorem
814 3218 942 3297 aliquam
957 3217 1113 3278 lectionem
1126 3237 1164 3279 ex

56 3332 96 3375 eo
109 3313 235 3397 proferri
249 3335 309 3375 nou
327 3314 455 3377 memini.

453 3411 468 3445 θ
708 3412 727 3445 Ι

99 3509 246 3572 Codicum
257 3509 494 3589 virgilianum,
510 3508 561 3588 qui
575 3508 706 3570 nondum
720 3527 785 3568 oum
798 3508 921 3587 vulgato
930 3509 1080 3586 scriptore
1093 3525 1166 3571 oom-

51 3608 162 3687 poroti
183 3607 213 3667 in
237 3605 425 3671 bibliothecis
439 3605 548 3683 passim
563 3604 664 3675 latent,
685 3602 863 3663 incredibilis
875 3609 1014 3660 ‘uumerus
1027 3621 1044 3659 e
1059 3600 1178 3673 biblio-y

57 3702 212 3771 thecatum
236 3702 378 3781 catalogis
402 3701 588 3780 virorumque
613 3699 767 3761 doctorum
803 3696 1019 3757 commentariis
1041 3695 1165 3756 excitari

57 3797 143 3861 focile
157 3799 259 3875 possit.
301 3796 463 3857 Maximam
483 3808 581 3856 temen
601 3803 713 3872 partem
736 3793 786 3850 vis
808 3791 889 3870 digni
914 3800 992 3863 sunt,
1013 3790 1166 3869 inquibus

58 3892 245 3957 comodis
260 3893 369 3954 bonam
393 3895 493 3957 horem
516 3889 632 3972 perdas.
674 3888 724 3948 Ad
737 3889 863 3968 pueriles
876 3888 997 3949 enimet
1011 3883 1166 3947 scholasti·

57 4009 114 4061 cos
140 4012 210 4055 usus
236 3990 371 4075 plerique
396 3991 477 4057 sucre
503 3988 616 4074 scripti,
644 3986 775 4077 inprimis
801 3985 1008 4051 Bucolicorum
1032 3981 1196 4076 codices„
