2664 4686
107 287 197 353 tuo
518 297 718 349 exsensus
740 278 804 347 x!

110 448 187 514 539.
231 444 364 509 Patrem
387 443 503 507 saltem
530 439 721 529 Mygdonem
746 440 913 504 Homerus
926 435 1211 521 suppeditaverat3

109 568 188 614 nam
202 545 404 629 Mygdouem
417 551 450 608 et
470 544 606 609 Otreum
629 544 783 608 Priamus
806 541 886 605 olim
907 540 1029 622 copias
1049 539 1208 624 Phrygum

109 647 268 712 adversus
286 645 474 711 Amazones
496 647 616 711 ducere
629 648 775 711 viderat:
798 642 899 708 Iliad.
923 648 960 718 Γ,
974 641 1044 706 184
1057 661 1133 724 sqq.
1175 641 1207 706 ln

110 747 266 830 Epitome
289 747 415 811 Iliados
428 767 461 811 r.
476 748 542 812 248
565 752 618 812 est
641 747 755 810 ‘clara
777 750 869 808 satus
890 742 1006 807 tellure
1021 740 1207 806 Coroebus:¹

109 845 199 931 quod
221 866 286 910 non
309 848 392 910 satis
415 867 585 930 assequor.
629 846 774 911 Venerat
797 845 890 908 illee
913 842 1073 926 Phrygia.
1117 840 1206 906 Atius

109 945 261 1030 Mygdon
283 953 339 1011 est·
355 946 477 1031 Amyci
498 948 596 1012 trater
617 949 652 1011 in
671 941 1160 1024 Heracliisssetnrgomuticis:
1179 961 1205 1005 r.

110 1047 192 1113 Not
206 1050 251 1113 ad
266 1048 424 1132 Apollod.
438 1069 473 1132 p.
487 1050 566 1114 379.
597 1047 751 1114 Ceterum
765 1065 841 1130 quae
855 1044 1088 1128 subjiciuntur,
1102 1040 1206 1107 Coto·

108 1151 188 1216 bum
213 1150 410 1217 Cassandrae
440 1170 550 1214 amore
573 1151 742 1214 incensum
766 1164 903 1230 operam
928 1144 1067 1209 Priamo
1091 1145 1127 1209 in
1151 1144 1204 1209 boe

108 1252 198 1317 bello
226 1253 398 1330 obtulisse,
428 1253 591 1334 eleganter
613 1253 655 1315 ab
682 1249 863 1328 Homerico
890 1246 1082 1330 Othryoueo
1108 1244 1149 1311 Π.
1169 1249 1204 1318 N,

108 1352 175 1419 ³63
188 1374 262 1439 sqq.
276 1353 427 1419 traducta
441 1358 529 1430 sunt,
545 1352 604 1416 sed
623 1352 727 1416 multo
742 1350 878 1413 suavius
891 1352 924 1410 et
938 1346 1101 1425 matius,
1115 1343 1203 1427 inpri-

110 1455 174 1519 mis
188 1455 271 1522 hoc:
294 1454 441 1520 ‘infelix
456 1457 512 1539 qui
534 1474 601 1519 non
625 1472 758 1538 sporum
782 1465 943 1534 responsa
960 1445 1099 1513 furentis
1111 1442 1204 1510 Audi-

110 1556 191 1621 erit?
748 1583 750 1586 ⁴

512 1870 797 1886 Μ

431 2084 783 2162 EXCURSUS
812 2081 890 2159 X0‘

458 2304 673 2357 CASSANDRA
695 2302 868 2354 numana.

159 2505 199 2565 tt,
215 2487 400 2553 403-406.
446 2487 567 2551 ‘Ecce'
586 2487 776 2551 trahebatur
798 2486 911 2569 passis
927 2485 1098 2552 Priameia
1124 2487 1206 2570 virgo

113 2591 266 2655 Crinibus
281 2609 302 2651 a
316 2589 438 2670 templo
450 2586 640 2652 Cassandra
650 2589 824 2672 adytisque
838 2587 1013 2667 Minervae,
1025 2588 1083 2654 Ad
1096 2590 1207 2655 coehm

112 2690 248 2753 tendens
277 2686 425 2751 ardentia
452 2688 577 2751 lumina
606 2690 745 2753 frustra:
783 2688 943 2768 Lumina3
980 2708 1059 2754 nam
1087 2696 1208 2755 teneras

111 2790 268 2854 arcebant
293 2787 425 2852 vincula
451 2778 621 2873 palmass
648 2789 733 2854 Cum
755 2791 835 2855 mihi
859 2792 1067 2875 propositum
1089 2792 1145 2869 sit,
1170 2809 1208 2854 ex

111 2888 212 2954 Notis
235 2909 287 2969 ea,
310 2908 386 2972 quae
420 2910 482 2973 pro
514 2890 717 2973 digressione
741 2892 856 2957 haberi
878 2894 1020 2975 possint,
1043 2895 1108 2958 etsi
1140 2913 1208 2960 cum

113 2987 259 3055 Maronis
283 2989 426 3055 doctrino
443 2994 630 3078 conjuncta,
654 2995 788 3059 sublata
809 2995 844 3057 in
864 2993 1036 3058 Excursus
1061 2998 1210 3082 rejicere:

111 3097 276 3161 revocabo
299 3095 389 3160 adh.
408 3096 432 3160 l.
454 3116 505 3175 ea,
521 3117 597 3180 qnae
622 3102 721 3160 antea
735 3097 768 3159 in
784 3096 879 3160 Nota
893 3095 936 3159 ad
960 3094 991 3157 b.
1007 3115 1041 3160 v.
1063 3096 1210 3180 disputa·

110 3215 232 3275 veram,
255 3198 384 3282 rejectis
407 3197 494 3274 aliis,
511 3204 587 3282 post
607 3199 673 3262 ista
695 3217 781 3261 ome
804 3199 938 3274 notatis,
965 3215 1043 3280 quae
1069 3218 1156 3264 nunc
1178 3199 1209 3262 in

112 3297 395 3365 commentatione
431 3299 674 3380 elegantissima
695 3300 881 3364 doctissimi
905 3297 1070 3379 Bottigeri
1100 3303 1210 3385 copio·

111 3397 181 3460 sius
196 3403 271 3462 sunt
291 3397 471 3480 disputata.
516 3400 686 3467 Redibant
701 3407 811 3465 autem
830 3401 888 3464 illa
901 3402 1021 3484 partim
1042 3401 1086 3467 ad
1103 3403 1209 3486 ipsum

110 3497 258 3580 mytbum
282 3497 421 3562 diversis
443 3502 552 3565 modis
572 3509 736 3567 narratum
750 3490 783 3566 et
803 3507 997 3580 tractatum
1019 3506 1145 3586 partim
1172 3502 1210 3570 ad

111 3596 331 3677 Virgilianam
352 3599 522 3664 rationem.
576 3602 619 3666 Et
639 3605 671 3666 in
691 3605 801 3687 priore
823 3603 956 3685 quidem
984 3610 1082 3686 parte
1110 3610 1209 3673 otium

109 3697 190 3763 fecit
205 3716 291 3762 nunc
317 3699 452 3764 laudata
471 3703 569 3767 modo
585 3703 745 3786 Bottigeri
769 3705 867 3768 docta
881 3705 922 3768 de
941 3706 1005 3769 boc
1019 3718 1209 3789 argumento

109 3801 144 3865 in
157 3798 250 3863 Vase
262 3800 352 3882 picto
368 3805 608 3868 commentatio.
654 3803 802 3868 Monebo
825 3810 953 3870 tantum
982 3807 1056 3872 baec
1082 3827 1208 3892 pauca:

111 3901 280 3967 Homerus
302 3900 430 3967 facinus
444 3901 560 3987 Ajaois
586 3906 621 3968 in
643 3904 864 3970 Cassandram
887 3907 1100 3972 commissum
1123 3911 1210 3992 igno·

110 4009 177 4070 rat:
200 4001 291 4087 quod
307 4001 380 4086 jam
393 4001 516 4068 Strabo
527 4007 756 4072 observaverat
770 4024 843 4071 xnr
859 4029 893 4093 p.
907 4009 973 4074 896
987 4027 1019 4073 c.
1065 4009 1210 4076 Cassan·

109 4103 203 4168 duam
218 4112 341 4187 vatem,
369 4104 492 4171 Priami
515 4107 629 4188 filiam,
644 4129 721 4173 cum
747 4111 865 4176 ceteris
888 4113 1058 4198 captivam
1086 4114 1211 4181 abduc·
