2664 4686
115 361 204 426 4012
511 370 708 421 excussus
731 354 822 419 vra*

114 520 221 585 Asia.
265 515 335 596 Qui
356 518 481 600 primm
504 515 627 580 abde
651 520 768 579 auctor
794 514 905 605 tuerit,
929 514 1055 581 incertc
1076 530 1129 577 res
1152 519 1209 580 est.

116 619 234 685 Strabo
241 619 314 702 jam
325 637 388 681 sua
401 624 503 706 aetate
516 619 600 680 inter
611 617 710 698 vulgo
723 621 854 679 narrata
862 613 918 698 (ad
926 606 1136 697 pamas.)
1144 629 1210 676 sara

114 729 212 794 reiert
233 727 501 813 (1.rnrp.9oo
523 745 555 791 ιι.
571 723 637 810 c.):
659 724 747 789 idem
771 723 1003 788 Menandrium
1025 724 1210 806 scriptorem

115 838 275 894 memorat
292 836 448 912 tauquam
475 833 593 892 testem
620 825 773 890 idonersu
799 824 994 911 (pmii.
1015 822 1078 906 a).
1123 822 1211 889 Ana

116 931 263 1014 qulorcm
278 930 510 994 anctoritatem
522 945 590 991 non
607 928 740 991 memini
763 942 863 1009 qnam
886 925 1022 1010 Seymui
1037 923 1114 989 Chii
1136 923 1210 1009 (Pe

114 1026 196 1113 ricg.
210 1032 286 1096 888.
301 1027 349 1114 9).
395 1030 469 1094 Nec
494 1038 602 1094 tamen
624 1031 697 1092 sive
722 1030 756 1091 in
780 1030 866 1094 duce
890 1026 1069 1105 Antenore,
1096 1027 1210 1092 sivein

115 1131 253 1215 populo,
279 1149 377 1213 quem
402 1130 555 1208 adduxit,
579 1145 640 1193 neo
657 1132 691 1193 irr
710 1147 818 1206 cursu,
842 1147 940 1212 quem
963 1131 1080 1206 tenuit,
1104 1142 1211 1193 omncs

115 1248 331 1311 consensere3
352 1237 391 1295 ut
404 1229 503 1295 facile
523 1237 694 1314 appareat,
719 1246 742 1293 a
763 1230 877 1294 multis
896 1218 1066 1313 poitis'ac
1079 1228 1211 1311 scripto·

113 1332 206 1397 ribus
227 1353 295 1396 rem
318 1340 448 1397 narratu
473 1341 647 1416 acceptam
675 1339 850 1396 tractatam
878 1332 991 1395 tuisse.
1037 1328 1210 1405 Ita-inem,
1243 1365 1247 1373 ·

114 1436 174 1519 qui
188 1432 337 1500 Henetus
351 1455 373 1499 a
387 1435 493 1518 'l'roja
505 1434 653 1512 reduces,
673 1432 754 1515 fuga
766 1433 926 1516 dilapsos,
941 1438 1010 1509 aut,
1027 1431 1212 1515 Pyramo

114 1533 211 1615 duce,
234 1538 270 1600 in
283 1537 462 1602 Thraciam
474 1555 513 1600 se
527 1538 702 1618 recepisse,
727 1541 826 1617 atque
839 1533 914 1597 inde
927 1533 1068 1598 errando
1087 1533 1211 1615 lougius

113 1642 316 1720 processisse
335 1640 479 1704 dicerent
502 1637 563 1723 (ci.
584 1638 693 1702 Strab.
715 1637 739 1700 l.
760 1628 839 1700 ciet
853 1635 1002 1700 Eustatlr.
1016 1635 1061 1698 ad
1077 1634 1212 1718 Dionys·
1255 1696 1258 1729 Ι

50 1780 55 1795 ι
113 1737 191 1816 378,
218 1743 275 1823 qui
294 1742 492 1806 Strabonem
505 1737 711 1823 exscripsit).
754 1737 866 1802 Avide
888 1744 1112 1801 commentum
1137 1736 1213 1800 arri·
1256 1738 1258 1809 ἶ

114 1858 217 1922 puere
237 1841 381 1906 &mani
395 1843 587 1925 scriptores,
611 1843 670 1926 qui
684 1841 885 1906 Antenorem
906 1858 982 1902 cum
996 1838 1107 1902 AE'nea
1128 1855 1213 1902 com·
1256 1835 1258 1867 ³

113 1950 283 2023 pammnt:
306 1945 342 2006 in
356 1944 410 2007 iris
433 1946 507 2026 ipse
522 1943 597 2009 Liv.
620 1961 645 2020 1,
669 1945 688 2008 l
714 1950 748 2008 et
765 1945 838 2028 Jam
853 1938 983 2024 Nepos,
1007 1945 1094 2004 testa
1109 1937 1215 2005 Plinio

115 2058 168 2120 vr,
183 2044 206 2108 2
218 2048 253 2107 st
271 2045 347 2108 iude
360 2045 477 2109 Selino
492 2065 521 2108 c.
536 2048 591 2122 44,
613 2044 774 2111 Catonem
788 2045 872 2123 torte
885 2050 1031 2118 nemius,
1046 2042 1106 2124 qui
1131 2041 1214 2106 idem

113 2151 314 2223 narraverat,
338 2151 376 2209 ut
396 2163 417 2207 e
439 2143 550 2208 Plinio
562 2144 724 2207 discimus
739 2159 797 2220 ιιι,
824 2145 877 2207 19.
901 2161 929 2204 s.
944 2143 999 2206 23.
1044 2139 1218 2206 Anueri·

112 2242 187 2307 dem
209 2247 387 2329 scripserat
411 2241 551 2328 largus,
574 2243 697 2310 Ouidio
720 2245 861 2327 aequalis
885 2256 936 2305 ιν.
959 2261 1004 2306 ax
1029 2240 1071 2305 P.
1097 2243 1153 2318 ld,
1177 2242 1216 2308 17

113 2352 123 2380 ‘
139 2346 333 2431 Ingeniique
345 2351 398 2413 sui
410 2349 520 2413 dictus
534 2336 727 2431 cognomine
739 2346 879 2428 largus,
892 2343 1029 2409 Gallica
1043 2345 1104 2427 qui
1114 2343 1215 2427 Plrry·

111 2448 202 2528 gium
216 2445 314 2512 duxit
326 2451 362 2512 in
376 2467 459 2512 arva
471 2466 581 2512 senem
591 2446 610 2512 τ’
632 2466 731 2531 quem
746 2447 872 2510 AElinm
883 2445 1027 2527 largum
1043 2464 1100 2530 ap.
1121 2446 1214 2525 Dion.

115 2564 184 2611 nur
207 2567 282 2612 esse
304 2555 400 2613 acute
423 2550 611 2631 suspicatur
626 2546 832 2612 Wemsdori.
849 2565 884 2611 v.
899 2565 931 2610 c.
953 2546 998 2611 ad
1021 2545 1123 2613 Poet.
1141 2551 1216 2612 min.

111 2648 153 2710 T.
170 2665 222 2725 rv,
237 2670 272 2732 p.
287 2649 363 2713 ⁶82.

156 2749 296 2814 &mam
308 2756 386 2813 suut
398 2750 553 2815 nonnulla
567 2769 611 2815 ex
625 2751 866 2833 antiquioribus
881 2751 916 2815 iu
928 2757 1113 2833 pomonam
1129 2750 1217 2815 lies-

110 2849 186 2914 sala
205 2850 249 2912 do
270 2848 414 2932 Augusti
428 2853 583 2935 progenie
598 2872 627 2916 c.
644 2853 687 2916 19
709 2857 720 2885 ‘
739 2851 883 2917 Antenor
901 2872 945 2916 ex
960 2851 1060 2917 Ionio
1080 2871 1217 2938 οηιιοιο

112 2951 156 3015 ad
185 2951 355 3016 dexteram
382 2952 527 3031 flectens,
556 2956 639 3018 inter
665 2954 907 3038 Dyrrhachium
931 2960 965 3018 et
989 2954 1219 3033 Brundisium,

93 3073 168 3137 ,per
181 3055 364 3120 latissimas
379 3057 493 3138 superi
512 3057 656 3140 aequoris
670 3056 796 3133 fauces,
811 3056 855 3120 ad
869 3056 1127 3138 septentrionem
1143 3074 1219 3122 con·

110 3175 238 3232 vasus,
251 3157 328 3221 ltine
340 3155 515 3222 Dalmatas
528 3159 692 3242 linquens,
708 3157 864 3241 Illyricos
880 3176 921 3221 ac
932 3156 1115 3236 Libnmos,
1128 3159 1221 3223 illino

110 3255 241 3339 Apulos
263 3263 361 3338 atque
388 3257 561 3334 Picenum,
582 3258 626 3321 ad
648 3263 748 3340 caput
771 3255 934 3322 Adriatici
956 3258 1061 3320 maris
1087 3276 1221 3323 cursum

108 3357 233 3437 tenuit,;
255 3362 301 3433 et,
321 3358 438 3421 relicto
451 3378 593 3441 aequore,
609 3359 749 3422 adverso
768 3358 912 3438 flumine,
928 3359 1019 3441 quod
1042 3359 1223 3424 Brentesia

11 3479 22 3486 ·
108 3456 253 3533 dicitur,¹
277 3477 409 3520 sursum
423 3460 635 3535 contendeus,
656 3465 738 3524 terra
751 3460 888 3543 potitus,
913 3459 1027 3524 sedem
1042 3460 1113 3525 sibi
1133 3463 1223 3527 suis·

111 3575 179 3638 qne
198 3557 307 3638 elegit,
331 3565 364 3621 et
378 3561 578 3641 expugnatis
602 3560 781 3642 Euganeis,
807 3563 950 3643 quitum
968 3581 1012 3626 ca
1026 3562 1227 3628 accolebant

110 3657 196 3733 loca,
223 3654 399 3721 Patavium
419 3659 579 3723 condidit.
622 3659 660 3723 ls
684 3661 767 3724 inter
781 3669 906 3726 ceteros
919 3665 1072 3742 comites,
1099 3663 1225 3730 Ereto-

109 3775 181 3819 rum
196 3755 435 3822 multitudinem
448 3779 658 3825 numerosam
680 3780 794 3824 secum
815 3761 974 3845 duxerat3
995 3765 1056 3849 qai
1072 3763 1227 3852 Paphla·

107 3856 208 3936 gocia
227 3855 301 3932 orti,
325 3859 433 3940 patria
455 3861 555 3943 pulsi,
579 3860 697 3925 exules
711 3861 755 3925 ad
773 3861 923 3948 Trojam,
946 3885 1024 3950 quar
1046 3867 1139 3932 bello
1154 3873 1237 3934 tum

606 4016 715 4069 NOTA.

519 4133 526 4159 ¹
546 4128 689 4182 Meduacus
701 4131 791 4196 major.
