2664 4686
106 270 197 339 4334
434 334 437 339 ,
470 302 475 309 -
523 279 720 331 excussus
739 279 799 330 ιιι.

108 434 235 503 Julian.
253 429 368 510 Pelag.
390 428 448 492 lib.
465 428 586 504 1v,78.
630 427 721 493 Hine
744 447 786 492 oa
803 427 1000 493 immanitas
1025 427 1201 494 munau

113 535 262 605 Etruscis
275 550 297 595 a
310 530 484 606 nonnullis,
503 535 541 593 ut
560 548 584 613 a
600 529 713 595 Valer.
736 528 833 594 Max.
852 546 909 607 lx,
933 530 969 606 2,
992 535 1104 595 exter.
1117 530 1203 607 lh!

108 658 171 705 sos
197 635 372 698 ‘virorum
394 651 534 715 oorpora
555 632 776 698 cadaveribus
797 631 943 697 adversa
968 630 1129 704 aduersis
1147 631 1205 697 ulli·

109 752 189 827 gata
203 750 300 826 atque
315 740 661 806 astricta-tubesoere
674 736 783 803 simul’
795 755 918 822 passos
933 754 1013 800 esse
1028 741 1202 801 narrarent

157 845 293 913 Priscus
320 842 450 905 sabrrlns
470 859 538 904 non
565 840 676 916 modo,
706 859 821 903 verum
849 840 952 902 etiam
981 835 1129 903 Catonis
1152 838 1209 921 pls·

111 964 288 1028 torumque
303 943 528 1008 Romanorum
543 943 643 1005 mhos
653 958 781 1004 errores
795 960 894 1024 super
907 940 1104 1021 originibus
1117 938 1210 1003 Italis

111 1065 134 1111 a
148 1046 278 1112 Graecis
292 1044 488 1129 repetendis,
503 1040 637 1127 po'etam
659 1043 694 1106 in
715 1063 785 1106 rem
799 1061 893 1105 suam
907 1041 1088 1122 ingenioso
1102 1046 1211 1104 verton

114 1151 242 1233 passim
257 1146 413 1213 vidimus.
447 1145 544 1210 Alius
558 1145 620 1209 fuit
635 1145 818 1209 communis
833 1141 1081 1219 Romanorum,
1095 1161 1118 1207 s
1130 1140 1211 1207 Gru·

114 1250 166 1314 cis
181 1259 341 1333 acceptus
354 1270 455 1326 error,
470 1256 507 1313 ut
523 1248 689 1324 Etrnsoos,
710 1244 844 1310 Graeeis
864 1243 1058 1328 Tyrrhmos
1071 1245 1212 1320 dietum

115 1349 224 1434 Lydia
252 1357 444 1434 repeterent.
485 1349 638 1412 Errorem
667 1346 753 1424 dixi,
780 1346 878 1429 cujus
903 1363 1030 1409 oausam
1055 1347 1126 1411 alio
1148 1346 1213 1411 luno

114 1454 258 1537 exposui
279 1451 388 1539 (Nor.
403 1451 622 1516 Commentar.
646 1450 725 1514 Soc.
748 1447 897 1529 Gotting.
919 1446 1021 1510 Tom.
1043 1465 1105 1526 ιιι,
1127 1447 1214 1511 Parte

114 1553 227 1619 histor.
250 1572 328 1637 pag.
342 1553 500 1637 236⁸qu
491 1572 525 1615 m
549 1550 734 1616 Comment.
755 1550 797 1613 de
817 1549 907 1613 sabb.
927 1549 1021 1631 relig.
1048 1548 1162 1647 Graan.
1177 1550 1213 1612 ab

35 1706 41 1721 .
117 1653 261 1719 Etrusca
273 1661 342 1718 arte
355 1654 551 1737 frequentat
554 1658 584 1729 )
600 1653 680 1716 iuter
694 1670 779 1734 quas
793 1651 965 1734 praecipua
976 1628 1092 1713 fuisso¹
1101 1649 1215 1716 videm

116 1755 193 1836 ipsa
212 1757 355 1819 nominis
376 1757 500 1837 antiqui
523 1754 731 1818 Rasenamm
749 1752 805 1815 vel
826 1751 1092 1828 anasenarum,
1110 1753 1215 1836 depes

114 1857 206 1919 vatio
221 1875 280 1938 per
293 1854 459 1920 Graeoos
449 1875 483 1918 m
496 1873 613 1919 vocem
631 1860 788 1938 Ίιςσηιόι,
813 1858 962 1937 ιιιρῥηιῶι,
976 1854 1071 1936 quod
1088 1854 1217 1919 modos

115 1951 231 2039 τύρσεσι
259 1955 402 2019 ιιιιιιιιιιιι
428 1954 603 2031 ducebant,
633 1954 735 2018 modo
764 1975 786 2017 a
811 1954 982 2037 Tyrrheno
1010 1954 1140 2037 aliquo,
1165 1955 1215 2038 qui

40 2076 41 2080 ¹
115 2055 256 2121 coloniae
282 2060 398 2119 auctor
424 2054 553 2134 suisset.
596 2053 709 2119 Jam
699 2075 735 2117 in
755 2057 876 2155 priscis
903 2054 1078 2138 Lydorum
1103 2054 1215 2120 atuh

113 2155 305 2220 oocurrebat
329 2154 515 2238 ylhrrheuns
540 2153 648 2238 Atyos
672 2154 760 2218 filius
784 2148 830 2219 'et
843 2154 956 2218 Manis
979 2173 1111 2238 nepos3
1137 2156 1215 2239 hmo

114 2257 228 2339 itaque
254 2254 433 2340 Tyrrhenis
457 2276 516 2320 seu
539 2256 689 2320 Etruscis
712 2274 834 2319 nomen
854 2256 1056 2339 impertiisso
1069 2232 1217 2322 ,deducu

114 2377 159 2421 ex
183 2355 292 2438 Lydia
315 2356 446 2420 colonia
468 2364 596 2422 mature
619 2356 775 2420 traditum
797 2355 861 2421 suit
888 2378 910 2420 a
933 2357 1116 2434 nonnullis,
1138 2374 1215 2441 quus

116 2456 313 2522 Herodotus
337 2459 486 2540 sequitur
508 2460 565 2522 lib.
590 2477 615 2534 1,
636 2459 692 2534 94,
712 2466 746 2521 et
766 2478 810 2522 ex
832 2479 873 2521 eo
894 2458 1020 2547 Strabo
1035 2475 1071 2535 v,
1095 2480 1133 2543 p.
1147 2459 1214 2525 iffi

113 2557 192 2634 3236,
207 2567 240 2623 et
254 2558 394 2639 Dionys.
416 2577 441 2635 ι,
464 2559 516 2622 27.
540 2557 659 2621 Vellei.
683 2576 708 2633 ι,
732 2560 765 2634 1,
788 2561 837 2622 4.“
861 2558 971 2622 Tacit.
994 2558 1086 2623 Ami.
1101 2562 1214 2636 rv,55‚

115 2659 266 2740 inprimis
290 2656 455 2739 Lycophr.
481 2658 576 2721 1351.
602 2659 698 2724 1359.
743 2661 926 2744 Dionysius
948 2660 1090 2724 utillud
1118 2660 1214 2737 addit,

115 2758 262 2822 variasse
276 2756 362 2819 alios
375 2764 408 2820 et
422 2764 571 2840 tempora
585 2765 617 2823 et
630 2761 789 2839 homines,
799 2768 835 2826 et
848 2781 924 2825 vero
939 2763 1043 2825 etiam
1056 2763 1216 2846 sapienter

114 2862 245 2924 monet:
268 2876 290 2921 a
314 2854 455 2922 Xantho
477 2858 586 2942 Lydo,
608 2863 667 2943 qui
691 2866 833 2946 patriam
855 2863 1029 2926 historiam
1049 2864 1215 2946 oonsurip·

115 2964 215 3035 serat,
229 2976 332 3042 aquo
347 2957 432 3021 odeo
446 2960 542 3024 unice
557 2961 619 3025 hac
634 2963 668 3025 in
688 2984 722 3027 re
737 2963 892 3028 standum
905 2970 987 3039 erat,
1001 2983 1068 3028 nee
1079 2962 1215 3048 Tyrrhi>

114 3080 195 3127 unm
207 3079 348 3143 usquam
369 3063 553 3138 memorari,
568 3082 630 3126 nee
652 3062 822 3128 Maeonum
844 3065 1010 3129 coloniam
1030 3066 1068 3129 in
1087 3065 1214 3130 Italiam

116 3159 314 3226 deductam:
338 3158 444 3243 Atyos
465 3180 542 3224 vero
556 3161 642 3227 lilios
657 3148 786 3247 Lydum
801 3173 836 3229 et
853 3161 1054 3243 Tor-rhedam,
1068 3167 1122 3231 rel
1138 3165 1214 3230 forte

119 3259 321 3344 Tyrrhenum,
341 3261 522 3343 depravata
541 3263 623 3329 sorte
642 3267 817 3348 scriptura,
839 3286 941 3349 quam
961 3267 1088 3349 aliquis
1109 3269 1145 3332 in
1163 3287 1214 3332 ra-

115 3371 183 3429 tera
197 3361 329 3425 Xanthi
342 3361 457 3425 codiee
471 3363 659 3443 offenderat,
674 3364 812 3450 Τύρῥηβον
826 3367 878 3430 rel
894 3363 1032 3451 Τοβρηβοι
1043 3389 1106 3451 pro
1119 3369 1214 3455 littr-

116 3486 169 3524 ιον.
196 3461 249 3524 Ex
264 3464 374 3545 prisca
388 3461 600 3544 Pelasgorum
614 3469 715 3551 stirpe
728 3470 889 3553 populum
903 3469 1005 3532 fnisse
1019 3469 1213 3553 Tyrrhenos

117 3563 175 3645 qui
202 3562 370 3644 usquead
396 3565 518 3627 seriora
544 3571 690 3650 tempora
714 3569 886 3646 Lemnum,
906 3568 1061 3634 -Imhrnm
1091 3573 1214 3656 alisque

116 3661 228 3727 vicina
248 3664 443 3728 continentis
466 3685 600 3749 quoque
621 3669 697 3732 loca
716 3671 914 3749 insederant,
928 3670 1076 3736 dubitari
1095 3675 1213 3757 nequit.

109 3762 229 3829 Etiam
251 3763 313 3828 hos
336 3765 381 3830 ad
404 3765 592 3850 Tyrrhenos
616 3770 725 3836 Italiae
751 3773 929 3837 retulerunt
949 3773 1145 3856 scriptores,
1162 3793 1216 3839 no·

115 3865 215 3929 minis
228 3866 442 3932 similitudine
456 3868 597 3953 decepti,
618 3872 678 3935 sed
703 3873 843 3958 Dionys.
863 3891 889 3951 1,
904 3874 948 3938 25
967 3892 1045 3937 eum
1059 3877 1217 3940 rationem

115 3965 202 4045 iniit,
217 3973 253 4033 nt
266 3988 324 4033 ans
337 3988 380 4033 ax
402 3970 444 4033 iis
466 3970 550 4052 ipsis
573 3971 727 4054 Pelasgis
741 3973 845 4039 inisse
859 3974 995 4052 diceret,
1009 3978 1070 4058 qui
1087 3977 1219 4043 ltaliam

116 4065 306 4137 insederant
319 4070 501 4154 antiquitus
515 4091 659 4156 moxque
678 4073 713 4139 iu
732 4077 898 4143 commun
909 4076 1020 4160 geuu‘s
1033 4078 1134 4145 clade
1145 4079 1219 4146 iuda
