2692 4974
417 353 468 400 ro
491 350 662 401 anninus
685 354 760 404 uu.
786 354 850 404 vn.
1098 339 1187 404 4316

75 496 171 573 dicti,
185 512 231 561 ex
244 511 311 578 quo
324 488 441 557 Sabini
456 489 593 557 Caribus
616 495 745 559 oriundi
768 514 844 560 cmn
858 495 901 560 Τ.
915 494 1015 560 Tatio
1038 494 1188 565 Romam

76 600 247 661 venerant.
294 590 390 657 Cures
414 599 536 671 autem,
561 597 827 679 antiquissimum
844 594 1064 678 Aboriginum
1088 600 1185 682 oppi-

75 696 169 774 dum,
183 695 388 779 pronuntiari
413 694 526 758 debuit
544 689 656 759 Quini
669 697 724 761 vel
741 694 862 775 Quiris,
878 695 976 783 Κῦςις,
1001 699 1088 763 unde
1105 696 1185 766 Qui-

75 795 154 861 rites
166 796 263 874 dicti,
277 815 338 879 pro
357 793 555 861 Curensibus.
599 795 691 860 Situs
706 797 840 863 Curium
854 798 915 863 suit
938 799 973 860 in
998 797 1123 863 Sabina
1137 820 1188 875 res

77 897 189 980 ginno,
202 915 282 974 non,
301 897 392 979 quod
406 896 581 961 Cluverius
603 917 638 980 p·
653 898 719 963 675
739 901 879 982 putavit,
893 901 929 962 in
942 899 1024 964 loco·
1043 896 1187 965 Verrucio

76 1016 167 1063 nnnc
193 998 295 1074 dicto,
319 996 380 1060 sed
403 997 505 1080 paulo
531 995 665 1062 inferius
690 997 733 1063 ad
759 1000 925 1064 sinistram
948 1001 1055 1084 ripam
1077 1002 1191 1068 amnis.

79 1094 205 1177 Cerere,
219 1101 255 1163 in
269 1100 339 1182 agri
356 1095 499 1160 Forensis
521 1097 599 1161 loco
615 1095 726 1162 Morte
750 1100 908 1183 maggior
932 1099 1033 1179 dicto,
1047 1101 1083 1165 id
1098 1103 1187 1186 quod

76 1198 176 1265 docte
197 1200 381 1266 declaravit
406 1199 598 1285 Capmartin
620 1200 664 1264 de
687 1201 828 1287 Chaupy
843 1203 1066 1281 (Decouverte
1087 1205 1128 1271 de
1151 1206 1188 1270 la

78 1297 216 1373 Maiam
228 1303 271 1367 de
284 1301 476 1386 Campagne
489 1300 669 1380 d’Hora'ce,
684 1303 780 1367 Tom.
797 1321 854 1382 ιιι,
866 1325 943 1389 pag.
953 1306 998 1369 75
1011 1303 1115 1391 sqq),
1127 1310 1186 1391 qui

75 1401 112 1465 in
131 1401 198 1468 boc
222 1405 340 1469 eodem
361 1406 436 1469 loco
451 1405 565 1469 villam
588 1405 652 1468 sibi
674 1405 818 1471 redemit
833 1412 866 1471 ct
884 1406 1049 1471 instruxit.
1092 1407 1187 1474 Idem

76 1526 156 1590 pag.
179 1506 224 1571 67
251 1526 327 1591 sqq.
353 1512 457 1571 totum
483 1501 594 1588 poetae
622 1505 732 1570 locum
759 1507 887 1591 egregie
910 1507 1068 1589 illustrat3
1099 1510 1194 1575 unde

77 1607 311 1675 censeremus
325 1607 481 1672 nonnulla
494 1607 527 1670 in
541 1606 573 1669 h.
588 1607 623 1684 l.,
639 1606 907 1691 quandoquidem
927 1628 1091 1693 nusquam
1104 1610 1190 1677 alibi

76 1714 148 1783 tam
161 1715 316 1775 aocruate
330 1709 404 1774 baec
419 1713 562 1772 tractata
576 1706 731 1771 vidimus.
777 1703 909 1770 Eretum
923 1708 1025 1791 vulgo
1043 1708 1078 1773 in
1098 1711 1189 1793 oolla

76 1809 169 1877 baud
182 1809 298 1894 procul
312 1808 442 1874 'liberis
455 1809 543 1891 ripa,
555 1803 666 1871 Monte
678 1804 830 1886 Ritondo,
841 1809 1076 1892 quaesiverunt:
1099 1811 1188 1879 idem

76 1912 130 1975 vir
149 1911 270 1977 ‹looms
293 1913 393 1975 situm
416 1909 588 1992 aliquanto
606 1910 744 1994 propius
758 1911 802 1974 ad
816 1911 963 1976 Tiberim
978 1902 1022 1975 in'
1031 1914 1190 1979 colliculo

75 2013 284 2098 explorarit;
316 2011 502 2096 appellatum
525 2011 621 2075 locus
645 2007 799 2087 Idmone,-
830 2033 864 2077 v.
886 2033 920 2096 p.
935 2013 989 2079 85.
1008 2015 1063 2080 91.
1108 2012 1189 2078 Mo-

77 2123 165 2177 mco
179 2120 232 2179 est
248 2110 383 2177 Trebula
401 2109 562 2188 Mattiaco,
588 2112 655 2175 situ
673 2130 719 2175 ox
731 2113 950 2176 marmoribus
964 2119 999 2177 et
1012 2115 1117 2178 ruinis
1131 2114 1189 2179 de·

78 2212 251 2296 prehensa
266 2214 358 2280 circa
378 2212 539 2297 templum
564 2211 599 2276 S.
613 2210 776 2277 Victoriae
799 2213 871 2290 tint,
885 2213 976 2277 mille
996 2215 1153 2298 passibus
1166 2233 1191 2279 a

77 2317 157 2380 vico
179 2313 295 2379 Monte
321 2312 436 2391 Leone,
462 2329 532 2376 xrv
553 2312 698 2377 millibus
720 2332 823 2397 supra
846 2313 966 2393 Reate,
991 2334 1078 2380 nunc
1099 2311 1189 2379 Rieti

78 2416 161 2483 ibid·
183 2437 228 2500 p.-
242 2418 296 2484 93.
340 2415 417 2480 Nec
440 2414 537 2498 longe
561 2415 655 2479 abest
679 2415 776 2479 vicus
802 2411 924 2478 Olivetc
949 2416 1070 2494 dictus,
1096 2417 1190 2500 quod

77 2521 193 2602 ipsum
216 2538 336 2584 nomen
365 2517 533 2602 epitheton
557 2512 707 2601 olivifera
738 2513 891 2580 Marmore
922 2516 1081 2581 declarat.
1111 2519 1188 2583 712.

79 2617 386 2707 Nomerlm„qnod
410 2620 494 2683 inter
517 2617 666 2681 colonias
689 2616 827 2682 latinas
847 2635 922 2700 sup.
947 2633 997 2694 vr,
1012 2617 1078 2682 773
1099 2637 1191 2682 οοιιι-ι

77 2708 296 2788 memorabrni
318 2720 474 2796 vidimus,
502 2718 563 2782 sed
586 2719 621 2781 in
646 2737 726 2801 agro
751 2718 877 2783 Sabino
896 2719 997 2783 situm
1016 2718 1190 2803 oppidum,

79 2824 222 2906 vestigia
233 2823 335 2889 babet
342 2822 430 2886 -satis
443 2825 533 2885 certa
546 2821 612 2884 viae
628 2818 846 2884 Nomentanae
862 2825 895 2884 et
907 2820 1048 2885 nominis
1062 2821 1098 2884 in
1111 2822 1190 2886 vico

80 2921 254 2991 Montano.
286 2922 389 2988 iborea
402 2943 479 2986 rura
498 2918 611 2985 Velini.
655 2919 780 2997 Rosea,
796 2940 855 2986 seu
869 2923 979 3003 campi
1004 2921 1141 3000 Roseae,
1155 2925 1191 2988 in

79 3044 159 3109 agro
174 3024 320 3091 Reatino
332 3024 376 3089 ad
390 3024 500 3088 lacurn
514 3019 684 3096 Velinum,
699 3038 838 3085 summes
852 3020 930 3083 olim
945 3021 1132 3099 fertilitatis,
1144 3042 1190 3087 ex

81 3127 206 3206 Plinio,
220 3125 372 3191 Varrone
386 3125 527 3208 oliisqoe
542 3122 626 3186 satis
641 3121 710 3184 noti
724 3126 818 3185 sunt:
842 3120 910 3186 vid.
927 3120 1058 3186 Cluver.
1073 3142 1109 3205 p.
1123 3123 1191 3189 679

80 3238 113 3295 et
124 3227 363 3312 Capmortinus
375 3228 398 3291 l.
413 3226 435 3289 1.
449 3226 494 3291 99
508 3244 583 3307 sqq.
629 3220 753 3304 Magna
766 3240 845 3306 pars
862 3223 980 3288 borum
994 3241 1189 3307 camporum

79 3332 156 3399 lacu
183 3330 316 3395 demum
338 3328 462 3392 Velino
488 3327 610 3391 emisso
638 3324 813 3389 emersisse
841 3325 991 3389 videtur:
1028 3344 1191 3409 aquarum

81 3438 193 3499 autern
215 3431 465 3515 sulphurearum
484 3428 586 3506 ‚limus
609 3426 653 3490 ad
670 3425 871 3490 fertilitatem
894 3426 959 3491 soli
977 3425 1065 3490 baud
1090 3426 1192 3493 dubie

80 3535 214 3620 profuit.
236 3534 315 3599 713.
339 3532 503 3597 ‘Tetricae
517 3530 677 3595 horrentis
690 3547 790 3611 rupes
803 3534 1012 3611 montemque
1025 3527 1192 3595 Severum'

80 3638 114 3701 iu
126 3636 290 3702 montium
310 3634 403 3719 jugis
422 3631 536 3708 fuisse,
551 3631 610 3713 qui
623 3629 667 3693 ad
688 3630 849 3694 orientem
863 3627 998 3694 Nursiae
1012 3630 1048 3694 in
1062 3628 1191 3694 Piceno

81 3745 185 3817 orant,
201 3736 346 3802 dubitari
358 3735 488 3820 nequit:
511 3732 555 3798 ef.
571 3731 703 3797 Cluver.
724 3752 759 3814 p.
773 3730 850 3794 692·
864 3730 940 3796 ωδ.
983 3728 1082 3795 Ultra
1095 3734 1191 3816 oppl-

83 3840 161 3907 dum
183 3835 335 3903 Leouersa
349 3837 385 3901 iu
402 3835 548 3901 Armua
573 3831 659 3899 ultra
683 3852 742 3898 eos
767 3832 937 3897 consumit
956 3831 1190 3917 Capmnrtinus

83 3960 117 4023 p.
130 3940 208 4007 196.
240 3940 317 4006 714.
336 3936 518 4020 Casperium
530 3952 650 4002 versus
665 3932 822 4000 Himellae
835 3932 941 4011 fluvii,
951 3935 1008 4016 qui
1022 3951 1109 3996 nunc
1120 3931 1188 3993 Aio

84 4026 147 4120 oet,
158 4042 285 4109 antem
298 4042 410 4117 sitam,
424 4059 498 4106 eam
513 4058 597 4119 esse,
611 4058 689 4124 qnae
706 4055 792 4100 nunc
808 4032 927 4118 Aspre,
943 4034 1027 4099 satis
1041 4040 1189 4099 constat:

86 4141 229 4209 ruffine
247 4152 359 4210 nmen
381 4141 588 4226 aliquantum
601 4140 644 4204 ab
658 4139 722 4203 hac
735 4138 828 4214 urbe,
852 4141 886 4200 et
904 4136 941 4199 in
953 4134 1042 4198 valle
1058 4129 1190 4197 Pressa·
