2664 4686
516 131 716 183 BXCURGU!
737 132 808 183 vu.

408 468 774 546 EXCURSUS
810 472 905 546 Vll.

111 674 162 726 nr.
184 636 408 726 ennunnruir
431 674 643 725 cuneantur
670 675 749 737 esu,
775 676 820 726 rr
845 677 897 726 nn
922 677 1135 731 rrnnrenrcr
1148 674 1179 731 Ι·

233 756 400 806 runnnuu
435 754 617 805 snrcrsn
648 756 904 806 nrrnnxsruu
933 757 1092 819 ninum

512 836 593 885 rou
610 837 661 899 nr:
675 836 809 887 russo.

161 1047 227 1108 vri,
240 1031 317 1096 371.
332 1031 399 1096 372
412 1036 422 1064 ‘
434 1030 478 1094 Et
490 1030 615 1107 Turno,
637 1031 665 1093 si
680 1032 788 1113 prima
801 1032 919 1097 domus
932 1038 1101 1115 repetetur

109 1131 258 1197 lnacbns
272 1131 489 1215 Acrisiusque
502 1138 628 1214 patres,
641 1131 827 1215 mediaeque
841 1130 1026 1216 Mycenae!
1218 1124 1246 1142 ”

155 1232 301 1297 Pravum
314 1234 396 1296 inter
409 1232 582 1296 Romanos
596 1234 783 1317 scriptores,
795 1235 947 1318 inprimis
963 1241 1102 1314 veteres,
1112 1234 1185 1303 Η

111 1335 258 1399 studium
282 1334 477 1399 deflectendi
504 1340 631 1398 veteres
661 1333 820 1398 Italorum
847 1337 980 1420 mytbos
1010 1337 1055 1400 ad
1082 1335 1189 1402 Gru
1224 1338 1227 1345 ’

113 1437 247 1501 fabulas
261 1442 295 1499 et
304 1436 469 1519 repetendi
486 1436 627 1516 origines
640 1454 746 1499 rerum
766 1436 965 1518 urbiumque
988 1437 1191 1502 Italicarum

113 1535 260 1614 Graecia,
276 1554 376 1620 supra
391 1536 531 1600 Excurs.
550 1552 587 1597 1v
603 1536 724 1599 diserte
736 1538 929 1620 expositum
942 1545 1008 1603 est.

157 1635 258 1713 Quod
283 1644 351 1700 tum
372 1638 457 1700 inter
479 1654 601 1699 causas
626 1645 791 1719 corruptae
816 1637 965 1699 historiae
985 1639 1195 1722 memoriam

112 1740 221 1801 omnis
244 1744 392 1801 veterum
416 1737 572 1801 Italorum
599 1739 786 1802 obscuratae
811 1738 932 1802 retuli:
959 1740 1027 1805 boc
1053 1740 1197 1823 Virgrl‘nr
1230 1746 1246 1805 ἰ

111 1859 263 1905 summus
284 1839 397 1922 pocta,
423 1859 482 1902 seu
496 1858 700 1903 communem
717 1841 903 1922 opinionem
918 1849 1073 1920 secutus,
1097 1861 1161 1920 sen,
1178 1839 1200 1904 ι’
1240 1848 1244 1857 '

112 1940 241 2006 acriore
256 1940 385 2024 judicio
400 1958 513 2004 vorum
528 1941 712 2021 perspexit,
726 1940 902 2003 utilitatem
913 1949 1028 2005 tamen
1036 1943 1201 2027 amplexui,

113 2061 175 2124 pro
189 2040 380 2124 adjumento
394 2040 558 2122 praeclaro
582 2039 626 2102 ad
647 2039 889 2122 expediendum
901 2044 1065 2107 carminis
1086 2045 1137 2110 eni
1151 2060 1204 2107 n·

115 2141 230 2204 teriem
254 2142 385 2218 ascivit,
411 2159 625 2221 erroremque,
653 2159 761 2202 rerum
786 2141 918 2203 veritati
945 2142 1206 2227 historiarumque

114 2239 191 2304 fidei
205 2241 465 2317 infestissimum,
490 2239 630 2323 poeticis
643 2240 824 2304 rationibus
839 2243 1116 2309 accommodavit
1127 2244 1207 2310 scir!-

114 2341 255 2407 tissime.

158 2443 244 2506 Cum
258 2444 345 2506 enim
362 2440 494 2504 Italicas
505 2439 652 2524 fabulor,
680 2447 718 2505 ut
731 2442 878 2506 novitate
899 2443 946 2505 rei
966 2445 1131 2528 placeret,
1153 2463 1208 2510 ctr-

114 2543 194 2605 mini
218 2543 365 2604 intexere
394 2542 629 2618 constituisset,
659 2543 772 2606 statim
801 2543 984 2607 occurrisse
1012 2563 1149 2611 necesse
1170 2549 1210 2608 et

113 2640 197 2705 boc:
220 2660 277 2704 eas
292 2641 436 2725 quidem,
451 2662 527 2725 quae
541 2643 685 2705 carmine
700 2645 832 2708 tractari
846 2645 990 2726 possint,
1001 2645 1136 2711 subulas
1149 2663 1210 2711 esst

101 2759 253 2825 paucas,
278 2745 452 2827 plerosque
481 2762 617 2826 asperus
642 2748 676 2807 et
701 2745 851 2809 inficetas
879 2746 1095 2812 nominibus:
1128 2748 1211 2832 cnjus

114 2847 204 2912 modi
219 2847 355 2912 Solacia
369 2852 430 2924 est,
444 2866 520 2930 quae
535 2845 695 2929 Neptuno
710 2848 835 2930 conjux
849 2845 939 2924 data,
956 2847 1132 2930 Nerimes,
1144 2869 1209 2937 que

115 2948 229 3016 Virtus
242 2958 312 3015 eret
327 2970 367 3014 ac
384 2948 569 3025 Fortitudo,
595 2949 710 3012 eadem
725 2948 804 3025 fere,
830 2968 908 3032 quae
935 2948 1134 3019 Graeooernn
1157 2949 1212 3017 lli-

115 3070 229 3117 nerva.
275 3055 353 3117 Una
367 3058 419 3115 est
433 3051 560 3133 egregie
576 3049 618 3113 ad
633 3048 803 3133 poeticum
817 3070 914 3114 usum
926 3051 1213 3118 informarentur

117 3150 160 3214 de
175 3150 255 3228 Ora,
279 3152 471 3215 Juventutis
487 3151 573 3227 Dea,
599 3149 739 3228 Quirino
756 3151 831 3214 Deo
845 3171 906 3234 pro
921 3153 1064 3236 conjuge
1077 3153 1166 3233 duta,
1184 3161 1215 3216 ut

119 3250 261 3315 Herculi
287 3252 404 3314 Hebe:
427 3251 496 3315 vid.
523 3252 610 3315 Gell.
638 3268 724 3328 xiii,
753 3253 797 3316 22
819 3259 851 3315 et
872 3253 919 3315 ibi
943 3252 1027 3318 Not.
1071 3255 1215 3320 Serme

116 3371 250 3434 quoque
266 3351 309 3414 ad
325 3351 484 3416 Graecum
499 3355 671 3437 exemplar
685 3373 829 3436 procusa
842 3359 904 3431 est,
920 3362 955 3420 et
967 3355 1082 3438 ipsum
1100 3357 1217 3422 videtu

115 3470 232 3515 nomen
248 3452 403 3517 Graecum
418 3453 602 3542 esse‚“ssga.
643 3456 729 3520 Esse
743 3476 818 3520 eam
834 3455 1028 3534 Hersilim
1044 3458 1106 3522 sed
1121 3459 1218 3524 Deam

118 3552 239 3617 iactam
253 3556 398 3617 narravit
412 3553 512 3619 Ovid.
529 3574 597 3620 xiv
615 3557 697 3621 Met.
712 3558 774 3620 sub
789 3557 845 3620 fin.
888 3557 986 3623 Vidit
1007 3558 1111 3640 igitur
1132 3557 1219 3623 uno

118 3652 248 3718 sannas
274 3652 410 3716 Italicas
437 3660 529 3720 tanto
552 3658 791 3721 tractabiliores
815 3664 849 3722 et
874 3659 1012 3723 carmini
1040 3678 1223 3726 accommo

116 3754 259 3820 canores
270 3755 350 3830 fore,
365 3776 432 3839 qno
443 3759 549 3839 magis
561 3759 604 3822 nd
614 3757 770 3822 Graecam
784 3760 852 3823 illae
863 3761 1024 3824 rationem
1032 3769 1226 3849 attempta·

120 3863 240 3934 rentur,
265 3857 454 3921 nominibus
481 3865 540 3924 aut
566 3859 698 3922 inflexis
725 3864 783 3923 aut
806 3860 942 3924 mutatis
966 3870 1027 3925 ant
1052 3865 1230 3931 translatis

123 3957 205 4021 lude
216 3959 315 4024 etiam
324 3958 427 4025 totius
437 3960 592 4025 carminis
601 3961 775 4045 aequabilis
786 3968 876 4027 tenor
887 3980 927 4026 ac
939 3961 1046 4045 color,
1061 3965 1232 4054 tacioeqb
