2664 4686
528 358 799 410 unruochum.
1120 344 1209 413 Μ

113 508 166 569 ter
179 507 219 569 et
236 501 308 570 dux
324 502 397 582 fuit,
418 505 475 570 cui
490 512 597 590 [snpra
616 505 807 572 blanditur?
831 505 918 571 unde
931 507 1054 590 colligit
1068 506 1207 574 doctiss.

112 604 291 673 Rumkm.
314 606 360 671 ad
380 606 504 673 Vellei.
519 630 555 693 p.
569 609 646 688 364,
672 608 798 674 Varmn
819 617 895 672 eum
915 608 1029 688 fuisse
1049 627 1118 675 uon
1136 608 1212 677 Va·-

109 708 207 786 rium,
229 727 328 793 quem
341 706 455 774 Acron
468 717 580 776 narrat
594 711 638 776 ad
660 711 813 777 Cassium
827 710 1041 777 Parmensem
1055 712 1208 778 occid&

109 807 191 874 dum
201 810 246 875 ab
255 808 411 894 Augusto
423 813 573 878 missum.
609 811 735 878 Verum
749 818 783 878 et
795 810 878 878 illud
890 811 1047 878 Scholion
1061 810 1207 879 neronis

108 916 147 974 et
158 909 226 977 hoc
239 911 348 978 Servii
361 918 430 978 tam
449 916 704 979 comminatum
723 919 776 979 est
796 913 1092 980 Grammaticorum
1103 915 1207 1000 ‘inep-

109 1011 179 1090 tiis,
192 1018 232 1077 nt
243 1014 496 1099 vix-quicquam
509 1015 587 1079 iude
601 1013 768 1081 conficies.
805 1014 1043 1094 IuServianis,
1058 1015 1209 1099 quisquis

109 1111 195 1177 illud
217 1117 386 1199 apposuit,
403 1117 492 1200 qnod
514 1117 615 1202 paulo
636 1122 711 1182 ante
736 1117 888 1201 ascripsi,
903 1115 1033 1182 indocte
1045 1118 1212 1202 mereret

114 1213 352 1282 Horatienum:
374 1218 556 1284 ‘Scriberis
570 1217 676 1284 Vario
687 1219 782 1285 fortis
794 1224 829 1285 et
840 1218 983 1284 hesh‘um
996 1217 1135 1284 Victor!

120 1357 128 1365 -
156 1316 350 1403 Restatpro
365 1319 458 1385 Varo
472 1319 575 1405 peiite
585 1322 647 1405 qui
666 1322 838 1386 memorari
859 1321 1080 1404 possitiocus
1094 1318 1210 1388 Ovidii

110 1438 158 1483 cx
179 1420 289 1486 Ponto
304 1438 356 1500 ιν,
370 1422 424 1502 16,
439 1424 482 1487 31
505 1420 613 1488 ‘Cum
626 1422 739 1488 Varus
754 1422 990 1506 Gracchusque
1012 1422 1212 1489 (larentiam

109 1519 205 1585 dicta
217 1520 384 1606 tyrannia'
428 1523 506 1589 Duo
519 1525 753 1608 tragoedimum
775 1529 925 1590 auctores
946 1524 1120 1588 memorari
1138 1540 1209 1587 ma·

108 1621 341 1690 nitestumest.
386 1624 576 1691 Gracchum
597 1625 775 1710 ihagicum
795 1626 937 1691 illustrat
950 1623 1070 1689 Heius.
1082 1623 1171 1691 ede.
1183 1623 1214 1692 1.-

110 1720 199 1788 Cum
221 1722 318 1791 Varii
338 1725 503 1810 Thyestes
523 1734 593 1793 tam
614 1728 726 1793 nobile
746 1745 833 1812 opus
853 1724 972 1804 fuerit3
993 1721 1079 1789 Vari
1100 1729 1210 1790 autem

111 1823 248 1893 aliunde
276 1827 367 1891 nulla
392 1816 521 1911 prestet
546 1828 726 1908 memeria3
755 1825 908 1911 equidem
932 1842 1001 1889 nnn
1029 1823 1146 1890 dubiis
1173 1825 1211 1890 in

111 1923 251 1992 Nascus
268 1930 408 2013 ‘quoque
444 1925 574 1992 Verium
598 1930 815 1994 substituere:
841 1926 954 1993 etsiis
978 1923 1082 2009 panio
1102 1925 1210 2011 major

109 2029 404 2103 minessedehnit
418 2029 558 2097 Nasone
571 2051 687 2118 puero.
1060 2062 1063 2067 ·

327 2352 331 2361 ’
415 2392 791 2472 uxcuusus
830 2391 911 2470 11:

254 2555 307 2606 DE
322 2553 453 2605 smnio
471 2553 496 2602 A
511 2551 657 2603 sATYuls
675 2552 722 2603 ΕΤ
737 2552 904 2604 NYMPHIS
919 2551 1065 2605 vmcm.

155 2737 230 2802 Ecl.
258 2755 309 2816 vr,
337 2738 391 2802 13.
430 2735 602 2800 ‘Chromis
631 2742 666 2801 et
694 2736 857 2802 Mnasilns
884 2740 918 2802 in
938 2741 1037 2801 antro
1063 2735 1211 2802 Silenum

111 2841 205 2922 pueri
223 2859 341 2903 sumno
355 2840 468 2904 videre
487 2836 856 2922 jacentem—Aggressi
878 2838 973 2923 (nam
995 2857 1087 2922 saepe
1108 2856 1211 2902 senex

112 2958 173 3025 spe
187 2942 344 3006 carminis
357 2942 456 3005 ambe
467 2937 623 3021 Luserat)
636 2940 787 3024 injiciunt
801 2942 886 3023 ipsis
900 2961 945 3004 ex
957 2941 1091 3004 vincula
1104 2940 1210 3002 sertis.

114 3042 221 3106 Addit
234 3062 272 3106 se
285 3045 421 3121 sociam,
445 3030 633 3127 timidisque
648 3044 837 3126 supervenit
855 3042 965 3123 AEgle,
988 3041 1084 3123 AEglc
1106 3038 1212 3104 Naia-

114 3143 195 3206 dum
208 3143 449 3227 pulcherrima?

129 3277 133 3283 ·
157 3242 243 3308 Cum
263 3252 370 3310 motus
384 3246 503 3309 mentis
517 3246 646 3329 magnis
659 3244 988 3308 sensibuscontactae
1002 3248 1038 3307 et
1054 3241 1212 3326 phantas-

115 3352 205 3411 mata
226 3347 327 3410 animi
349 3347 504 3410 concitati
521 3348 565 3410 ab
588 3351 725 3411 aetatum
745 3344 929 3427 priscarum
943 3342 1129 3406 hominihus
1149 3360 1212 3407 uec

115 3448 259 3513 discemi
280 3449 361 3513 satis
375 3452 459 3514 iuter
478 3468 515 3513 se
537 3469 597 3512 nec
612 3448 655 3511 ad
670 3465 789 3510 causas
803 3465 880 3509 suas
901 3448 1040 3528 possent
1052 3445 1211 3522 revocari,

116 3548 264 3632 meoque
277 3569 340 3613 nec
354 3570 388 3613 re
401 3569 463 3613 nec
476 3549 607 3613 nominc
621 3549 748 3611 notari:
773 3547 816 3611 ad
836 3546 961 3610 furores
982 3545 1031 3608 iili
1054 3544 1213 3610 divinita

116 3651 278 3715 mentibus
293 3652 458 3714 immissos
474 3651 619 3714 revocati
632 3655 718 3725 sunt,
738 3647 839 3711 modo
852 3647 1031 3728 religiosos
1050 3645 1150 3709 modo
1163 3644 1212 3707 fa-

115 3749 256 3831 h‘dicos;
274 3750 371 3814 fidem
386 3751 554 3815 faciehant
569 3750 714 3834 opinioni
728 3749 854 3813 calores
869 3748 1052 3811 animorum
1071 3752 1106 3810 et
1124 3745 1213 3807 furo-

114 3869 163 3915 res
175 3854 212 3915 iu
228 3853 330 3933 orgiis
345 3853 524 3916 Bacchicis
547 3858 580 3915 et
601 3850 756 3933 Phrygiis
779 3868 837 3933 per
859 3849 979 3912 choros
1000 3848 1213 3911 adnumeres

104 3954 303 4019 'concitatos
316 3959 546 4037 tympanorum
561 3960 594 4016 ct
615 3953 773 4016 tibiarum
793 3954 918 4015 moveri
941 3951 1049 4016 sciti:
1075 3947 1116 4009 de
1140 3947 1213 4029 qui-

113 4054 174 4120 hus
198 4056 243 4119 ad
264 4055 375 4117 locum
397 4054 569 4118 Strabonis
592 4055 652 4118 lib.
681 4071 720 4118 x.
751 4052 954 4137 disputatum
976 4055 1025 4112 est
1046 4048 1113 4112 ulio
1135 4048 1213 4112 lucc

108 4155 346 4240 (commentat.
362 4155 485 4221 Socict.
501 4155 588 4239 ch.
604 4157 660 4222 Sc.
697 4155 848 4238 Gotting.
886 4151 966 4217 Vol.
990 4153 1089 4230 vrri.)
1130 4149 1211 4215 Jam
