2664 4686
439 326 490 375 nn
512 321 683 374 enerues
707 324 780 374 nra.
804 325 872 373 vrr.
1113 306 1200 376 4269

94 477 333 539 memorantur.
388 469 574 553 Antequam
589 478 696 536 tamen
711 471 812 537 Italia
825 471 973 555 superior
986 471 1118 538 Graecis
1141 495 1205 560 pe·

96 575 205 647 nitius
219 575 415 650 innotuerat,
435 593 495 656 per
508 572 645 656 Ligures
659 594 734 641 eam
754 576 907 639 universe
930 573 1093 638 declarare
1115 577 1206 640 sole·

96 675 193 741 bunt.
251 674 443 740 Tenendum
471 675 534 739 hoc
558 681 610 741 est
630 682 767 759 propter
790 677 894 742 multa
917 673 1089 758 poetarum
1112 676 1200 743 loca.

98 775 158 843 Ira
176 776 291 842 Circes
304 795 437 861 quoque
450 777 559 841 insula
571 776 615 841 nd
631 777 768 859 Ligures
781 776 912 842 referri:
944 776 1084 861 Αιγυστῖς
1099 783 1204 854 ironiis

97 876 271 964 μορφώτρια
292 877 389 943 Circe
414 897 469 960 ap.
495 877 610 960 Eurip.
632 877 755 943 Troad.
777 879 853 943 437.
906 875 1015 960 Atque
1030 879 1113 944 adeo
1133 877 1204 964 Cy·

98 984 205 1047 taenm
218 979 387 1044 Colchidis
401 980 577 1062 Aayverrxlv
601 979 644 1043 ab
665 998 706 1045 ea
718 979 804 1043 dixit
817 978 982 1062 Lycophr.
997 979 1094 1058 1312,
1115 980 1206 1046 nude

99 1101 277 1167 perperam
291 1080 441 1145 naseu.
455 1081 498 1144 au
514 1081 643 1164 Perieg.
660 1081 704 1146 76
719 1081 881 1145 coloniam
895 1080 1050 1163 rugarum
1070 1083 1105 1145 n
1124 1065 1203 1148 col-

102 1182 235 1247 cbidem
248 1182 528 1247 ductnmeffiuxit.
573 1181 690 1264 Itaque
702 1181 788 1245 Padi
802 1201 933 1266 quoqne
946 1181 1034 1245 ostia
1047 1188 1081 1246 et
1093 1185 1202 1248 succi·
1283 1202 1288 1206 ·

102 1303 184 1349 rrum
195 1283 239 1348 ad
253 1284 393 1365 Ligures
417 1283 602 1347 referebant
615 1288 760 1359 veteres,
776 1280 862 1348 conl.
883 1280 971 1345 Plio.
997 1297 1155 1362 xxxvii,
1180 1285 1203 1350 3

100 1405 130 1452 a
145 1386 203 1462 11,
216 1392 251 1450 et
262 1384 341 1448 binc
363 1391 548 1467 corruptum
567 1403 684 1448 nomeu
698 1381 849 1469 Lingnrii
863 1403 897 1448 v.
913 1404 944 1448 c.
961 1384 1050 1467 apud
1065 1385 1204 1450 Strabo·

100 1505 180 1553 nem
192 1487 251 1552 lib·
267 1502 319 1563 lv,
334 1505 410 1569 pag.
425 1487 491 1551 310
504 1504 536 1552 Β.
550 1484 694 1565 πλεονάζει
709 1485 737 1547 δὲ
752 1484 843 1547 καὶτὸ
858 1484 1020 1571 λογγούροον
1031 1487 1096 1570 παρ’
1108 1488 1208 1560 αὐτοῖς

98 1587 175 1674 (τοῖς
200 1585 347 1672 Λίγυσιν),
368 1585 473 1662 derv&
498 1587 632 1674 ἤλεκτρον
655 1585 904 1672 προσαγορεύουσι.
947 1587 1140 1668 Lingurium
1157 1608 1203 1653 ex

101 1707 157 1766 ea,
171 1707 274 1772 qnam
288 1706 392 1771 snpra
405 1690 596 1772 posuimus,
604 1691 737 1773 Αιγγεῖς,
760 1690 1021 1772 pronuntiatione
1035 1691 1128 1753 nasci
1141 1709 1203 1775 po-

100 1792 185 1871 tuin
219 1791 347 1855 factum
360 1788 446 1856 adeo
460 1789 662 1874 Lyngurinm
685 1796 719 1856 et
742 1790 1059 1875 Lynonrium,.quod
1082 1809 1205 1857 nomen

102 1891 148 1959 ad
171 1890 298 1974 lapidis
320 1910 421 1974 geum
446 1893 657 1973 translatum,
673 1898 708 1959 et
729 1900 808 1957 neta
831 1911 876 1957 ex
897 1897 1007 1976 etymo
1033 1892 1209 1958 sabulade

100 1999 183 2058 nato
197 1991 307 2076 lapide
321 2012 365 2056 ex
379 1993 512 2076 lyncum
531 1994 640 2059 urina..
687 1991 826 2058 Accidit
839 1999 950 2058 autern
965 1993 1088 2056 nomini
1102 1992 1209 2074 liigu

101 2112 187 2171 rum,
211 2098 249 2158 ut
271 2093 385 2158 multis
399 2093 433 2156 in
447 2093 533 2159 locis
545 2101 813 2180 corrumperetur.
859 2093 913 2159 Ita
926 2112 981 2175 ap.
995 2091 1153 2175 Apollod·
1178 2109 1204 2170 r,

100 2196 138 2272 9,
164 2194 210 2258 24
231 2199 265 2259 et
291 2209 332 2271 ιι,
358 2195 390 2270 5,
415 2194 469 2271 10,
493 2195 552 2258 nbi
574 2213 607 2259 v.
631 2194 714 2261 Not.
745 2217 780 2280 p.
803 2195 880 2270 210,
903 2195 986 2274 3983
1022 2212 1120 2275 porro
1148 2211 1204 2276 ap.

101 2293 243 2359 Aristot.
270 2293 319 2359 H.
346 2291 389 2356 Α.
414 2310 439 2370 1,
464 2296 519 2372 15,
541 2296 598 2360 ubi
622 2302 702 2379 post
726 2294 863 2359 Reines.
886 2292 968 2357 Var.
989 2291 1081 2356 Lect
1105 2311 1139 2374 p.
1161 2294 1206 2358 74

98 2396 248 2463 restituit
273 2394 463 2459 Schneider.
528 2394 639 2460 Etiam
666 2395 780 2479 planta
808 2394 991 2476 Ligustica,
1019 2393 1204 2476 Διγοστικὸν,

101 2501 233 2563 mutata
245 2497 279 2560 in
295 2496 467 2575 Λιβυστικὸν
481 2516 516 2562 v.
531 2496 671 2562 Salmas.
686 2495 729 2561 ad
741 2495 845 2560 Solin.
860 2515 894 2577 p.
904 2494 981 2558 899.
1026 2493 1067 2556 Iu
1083 2491 1207 2560 Avieni

103 2596 148 2663 0.
175 2595 226 2660 Μ.
247 2596 312 2661 196
333 2597 444 2680 pernix
465 2594 541 2660 lucis
563 2598 722 2681 praeclare
744 2595 859 2682 pernis
884 2591 986 2680 Ligus
1011 2595 1213 2660 emendabat

104 2696 270 2765 Schrader
293 2696 478 2762 Emendatt.
504 2697 598 2781 praef.
622 2719 658 2780 p.
682 2713 800 2763 xxrx.
854 2696 974 2761 Intere
995 2715 1127 2778 quoqne
1150 2695 1210 2760 Li-

102 2819 204 2885 gnres
217 2795 329 2882 Λίγυας
343 2798 479 2863 arbitror
492 2799 527 2861 in
542 2794 662 2884 Lyncei
674 2798 807 2862 uomina
820 2797 912 2881 apud
929 2795 1093 2881 Lycophr.
1108 2797 1206 2874 1210,

101 2902 161 2969 ubi
176 2901 320 2965 AEnemn
342 2899 459 2963 dicitur
483 2904 664 2982 exceptura
677 2918 751 2962 esse
768 2897 909 2983 ilipa-pia
923 2896 1051 2981 Λυγκεύς
1065 2921 1097 2959 τε
1112 2897 1210 2982 θερμὸν

102 3003 205 3089 ῥεῖθρον
219 2998 389 3088 indeficuae
403 3005 506 3075 ποτῶν,
522 2999 697 3076 ΚαῖἷΠίσσ’,
723 2998 869 3081 Ἀγῦλλης
893 2998 913 3058 θ’
940 3002 969 3058 ai
984 2996 1143 3081 πολύρρηοοο
1158 2998 1214 3061 οἶοι

102 3130 167 3168 τοι.
216 3101 397 3167 Audiverat
410 3100 658 3164 Alexandrinus
673 3098 775 3182 po'dta
798 3098 841 3162 de
865 3098 1001 3161 thermis
1011 3096 1151 3162 Etruriae
1174 3104 1208 3164 et

104 3205 269 3290 liguriae:
301 3211 418 3285 estque
441 3203 472 3264 ei
498 3202 620 3265 fluvius
642 3200 766 3283 aliquis
781 3199 894 3282 Ligur,
910 3197 1011 3282 Διγὺς,
1026 3199 1078 3262 vel
1092 3192 1207 3283 Λιγεὺς,

104 3314 137 3375 et
150 3310 307 3389 corrupte
321 3304 458 3388 Λιγγεὺς,
473 3310 509 3369 ut
524 3302 646 3366 ibidem
670 3303 704 3366 iu
728 3301 804 3366 aliis
818 3301 982 3377 scribitur,
997 3301 1208 3365 etexcuden·

104 3408 184 3474 dum
198 3412 291 3471 erat,
316 3404 420 3488 Apud
433 3403 629 3468 enudemab
639 3403 756 3468 AEueaa
767 3401 908 3484 posteris
919 3401 997 3464 nrbs
1010 3400 1209 3466 exstruenda

104 3507 360 3579 narratur-circa
373 3504 538 3570 Circaenm
550 3524 565 3567 :·
592 3509 658 3568 tam
682 3505 755 3575 lata¹
770 3503 859 3567 Latii
880 3503 988 3580 locus,
1008 3521 1075 3586 quo
1098 3501 1210 3567 Roma

106 3610 250 3686 condita,
275 3607 485 3689 designatur:
516 3625 550 3669 v.
577 3605 642 3670 127
669 3607 721 3667 Ἐν
747 3601 901 3679 ὀψοτέκεοος
923 3600 1024 3679 ὀλβίαν
1049 3601 1209 3683 lupianus

110 3708 220 3794 Ἰῖἰρσοε,
234 3708 374 3789 μακεδνοὶς
390 3706 463 3788 ἀμφὶ
482 3702 721 3790 Kenaion-vairas
735 3713 798 3770 eie.
851 3704 957 3786 Cujus
979 3703 1045 3768 loci
1067 3704 1210 3784 perdoc-

108 3814 173 3875 tam
188 3807 486 3891 interpretationem
499 3805 590 3870 dedit
605 3805 778 3871 Cluverius
800 3805 875 3869 Ital.
900 3810 968 3868 aut.
991 3824 1026 3888 p.
1045 3803 1112 3868 762
1132 3821 1210 3887 sqq.

112 3906 289 3984 Homerus,
305 3907 363 3989 qui
383 3907 533 3970 locorum
559 3905 785 3970 nonnullorum
808 3905 892 3968 situs
917 3925 977 3988 pnr
1001 3902 1153 3969 Siciliam
1175 3907 1210 3967 et

112 4005 252 4086 ltaliam,
275 4007 455 4071 littoralem
468 4006 595 4083 saltem,
619 4003 718 4088 paulo
743 4005 931 4068 accuratius
951 4008 1055 4079 uorat,
1077 4006 1208 4066 servato

118 4104 229 4175 Οοοοηὶ
242 4108 409 4175 vocabulo
432 4106 547 4193 (cujus
567 4107 657 4173 notio
679 4125 747 4171 nna
770 4104 952 4189 eademque
974 4122 1038 4167 nec
1060 4100 1126 4167 suit
1144 4119 1208 4170 nee
