2692 4974
124 1320 127 1325 ¹
285 1209 657 1325 nncnusus
698 1205 1068 1289 conicum.
1114 1171 1129 1289 ,’

118 1729 294 1807 comeum
322 1763 477 1807 recensum
505 1742 641 1803 dabimus
657 1741 771 1821 qualem
793 1738 856 1817 ipsa
875 1759 921 1799 rea
942 1737 1055 1810 offert:
1078 1739 1109 1800 in
1127 1738 1226 1820 plein-

118 1860 176 1920 que
204 1841 318 1914 exilem,
346 1842 437 1902 modo
464 1840 694 1919 locupletiorem.
737 1839 814 1898 Satio
838 1837 916 1897 enim
938 1845 1071 1908 constat,
1095 1855 1158 1909 eos,
1178 1834 1226 1915 qai

118 1936 206 2015 primi
221 1947 330 1999 veteres
343 1939 499 2017 scriptores
513 1936 591 2016 typis
604 1955 757 2014 expreaaoa
771 1934 939 2015 vulgarunt,
954 1951 1012 1992 uec
1026 1932 1124 2011 magia
1143 1951 1226 2012 upe-

117 2029 202 2099 rioria
215 2043 246 2094 et
258 2034 348 2112 hujua
363 2034 462 2094 saeculi
477 2033 636 2112 pleroaque
659 2030 795 2100 editores,
815 2029 854 2089 de
877 2027 1027 2098 codicum,
1053 2028 1164 2107 quibua
1185 2025 1227 2088 mi

118 2139 196 2200 aunt,
211 2138 297 2188 relate
317 2149 352 2188 ac
367 2129 502 2189 bonitate
515 2125 728 2203 autjudicium
749 2125 870 2184 omnino
893 2125 1018 2194 nullum,
1044 2134 1100 2184 aut
1122 2143 1226 2204 param

118 2212 234 2294 nubtile,
248 2235 301 2284 aut
314 2224 434 2283 omniuo
453 2242 556 2302 parum
580 2242 616 2281 ex
630 2221 699 2281 artis
711 2221 912 2299 diplomaticae
921 2220 1097 2281 notionibus
1109 2230 1140 2281 et
1152 2240 1226 2300 pr»

118 2319 213 2401 ceptis
223 2321 424 2390 constitutum,
433 2320 544 2380 tulisse.
562 2317 742 2396 Plerumque
752 2318 853 2395 itaque
862 2317 1022 2378 nonhabet
1030 2319 1082 2378 cui
1093 2332 1175 2380 recte
1187 2319 1228 2380 ia·

118 2414 229 2486 nitaris,
240 2416 371 2495 inprimis
381 2416 498 2495 quoties
510 2414 715 2492 antiquitatem
726 2415 863 2474 codicum
875 2424 1008 2492 erepant.
1050 2415 1230 2494 Expeditior

115 2512 263 2590 judicium
278 2523 323 2573 est
337 2513 375 2571 de
390 2513 538 2572 bonitate:
561 2532 596 2570 ea
609 2512 685 2570 enim
700 2532 735 2572 ex
750 2512 813 2589 ipra
826 2512 961 2571 lectionis
973 2512 1177 2589 exploratione
1197 2523 1229 2574 ot

118 2610 338 2686 comparatione
352 2629 420 2668 cum
441 2609 507 2668 aliis
521 2608 659 2686 cognosci
675 2618 784 2687 potertr
807 2619 898 2688 atquc
913 2609 969 2669 boc
983 2617 1083 2669 tenere
1096 2619 1226 2690 praestat.

119 2705 219 2763 Anteit
231 2723 332 2763 omnes
345 2704 435 2764 codd.
451 2705 615 2763 veneranda
628 2713 772 2763 velustate

160 2817 185 2859 1.
206 2801 329 2863 connx
344 2803 562 2871 Varroauus,
578 2802 637 2860 Ma.
652 2808 743 2872 3225,
763 2802 792 2860 in
816 2820 877 2878 quo
902 2800 1068 2878 fragmenta
1090 2803 1228 2864 nonulla

118 2897 241 2974 Virgilii,
256 2917 274 2955 n
289 2898 398 2974 Georg.
416 2913 470 2956 111.
500 2907 526 2955 1.
541 2895 620 2965 inde,
638 2908 748 2957 servata
765 2907 842 2967 aunt,
857 2916 1007 2976 quemque
1021 2918 1092 2958 eum
1107 2900 1227 2978 picturir

118 2992 168 3055 rari
182 2992 281 3053 inciaia
294 2994 472 3069 exscriptum
487 2992 524 3051 ad
539 2994 633 3071 ipsam
647 2993 715 3052 libri
729 2997 903 3072 acripturam
916 2994 1043 3072 exprimi
1054 2996 1169 3056 curarit
1177 2997 1226 3059 loz

118 3089 211 3146 Caiet.
226 3088 374 3146 Bottarius
389 3089 416 3146 in
428 3088 576 3147 volumine
590 3088 751 3166 inscripto:
785 3081 794 3102 ‘
816 3129 822 3139 ·

159 3181 385 3262 ‘Antiquissimi
398 3182 546 3261 Virgiliani
562 3183 851 3263 codicis.sragmenta
871 3194 901 3244 et
920 3185 1048 3262 picturae
1065 3207 1103 3246 er
1122 3189 1226 3248 biblio·

119 3278 205 3339 tbeca
218 3279 361 3341 Vaticana
375 3278 413 3337 ad
429 3280 539 3357 priscas
554 3281 707 3357 imaginum
723 3281 831 3342 formas
845 3301 864 3341 a
876 3283 965 3342 Petro
976 3284 1087 3345 Sancte
1095 3285 1226 3346 Bartboli

26 3419 28 3423 r
119 3374 229 3435 incisae.
272 3377 385 3435 Romae.
428 3378 473 3435 Ex
496 3377 729 3456 chalcographia
743 3379 780 3437 R.
796 3379 832 3438 C.
848 3381 895 3438 A!
914 3379 1075 3454 (Romanae
1097 3382 1225 3442 Camere

118 3460 546 3551 Apostolicae)‘apud'1’edem
562 3476 761 3534 Marmoreum
778 3484 864 3545 1741,
880 3495 922 3552 gr.
938 3475 1003 3534 fol!

160 3567 322 3646 Inscriptus
336 3568 409 3651 liber
423 3569 583 3630 Benedicto
599 3586 671 3629 xlv,
692 3590 709 3628 a
723 3573 772 3631 Jo.
787 3570 943 3631 Dominicn
956 3572 1126 3651 Compiglia
1138 3573 1224 3637 Chal-

117 3663 286 3741 cographiae
299 3665 334 3722 C.
350 3668 386 3724 Α.
401 3663 489 3723 Praei.
530 3666 598 3737 Sed,
614 3687 681 3744 quaa
704 3667 854 3745 praemissa
876 3676 929 3736 est,
955 3668 1072 3728 erudita
1094 3670 1225 3746 praelatio

118 3757 250 3817 llottarin
265 3756 399 3818 debetur.
440 3760 568 3820 Primum
592 3764 760 3841 exemplum
782 3763 963 3841 picturarum
985 3765 1105 3826 Camilli
1122 3767 1225 3828 cardi·

120 3853 193 3913 nalia
205 3853 328 3913 Maximi
351 3855 399 3930 (de
415 3856 562 3931 Maximis)
580 3859 666 3934 jussu
687 3859 823 3919 Bartolua
837 3858 919 3918 labb.
935 3874 988 3919 LV.
1004 3880 1062 3920 rere
1076 3883 1224 3941 expreaae·

119 3961 173 4010 rat.
215 3951 315 4010 Pauca
341 3951 381 4011 ab
403 3953 460 4012 boc
488 3973 545 4014 aere
572 3964 653 4014 erant
679 3955 814 4034 exempla
841 3954 948 4025 dricta'r
970 3955 1000 4014 ln
1026 3958 1137 4036 quibua
1159 3980 1222 4020 cum

118 4047 212 4124 prima
223 4047 329 4124 pagina
342 4047 424 4106 radio
439 4059 556 4108 exarata
571 4070 694 4108 vacuum
708 4051 797 4111 literis
812 4051 987 4130 recipiendia
1012 4053 1138 4115 baberet
1160 4077 1224 4136 apa·

118 4143 203 4212 tium,
218 4143 320 4203 titulus
335 4163 403 4203 curu
418 4165 496 4204 anno
509 4146 547 4205 ab
561 4146 624 4206 aliis
634 4147 716 4207 aliter
729 4158 774 4207 est
788 4147 949 4226 suppletus.
991 4148 1026 4207 In
1038 4151 1221 4212 Bibliotheca

117 4248 218 4298 nostra
238 4239 406 4301 academica
424 4251 468 4301 eat
490 4243 657 4320 exemplum
680 4264 703 4301 s.
725 4262 751 4301 a.
792 4241 885 4302 Aliud
909 4242 1096 4306 vidimusa.
1127 4256 1222 4317 lm,
1269 4301 1276 4327 4

119 4333 198 4394 uua
212 4336 280 4395 anni
299 4336 397 4410 1677„
411 4345 441 4396 a.
481 4337 511 4395 in
526 4338 690 4398 memorab.
714 4339 854 4398 aranon.
875 4339 983 4399 nese.
997 4341 1038 4401 Τ.
1054 4329 1141 4405 mn.
1157 4351 1221 4411 mr.

120 4429 201 4499 Quid
223 4431 304 4509 quod
330 4433 433 4495 iterum
459 4441 546 4503 1782.
568 4435 694 4497 Venent.
709 4435 896 4497 Monaldinua
910 4435 1025 4498 lucrum
1038 4458 1076 4499 ea
1088 4461 1128 4502 eo
1142 4459 1219 4503 recu·
