2664 4686
183 296 270 362 4022
617 306 811 374 masos
826 324 868 369 x.
904 358 907 363 .

184 462 326 545 plicans,
341 481 386 528 ex
400 464 502 530 altera
515 469 609 547 parta
624 462 809 529 Mercurius
832 485 908 530 enm
927 466 1093 533 mandatis
1105 468 1209 534 Jovis
1222 471 1281 536 dis

185 564 448 644 cedemsmodo
472 567 554 629 satis
576 564 705 648 liquido
728 572 903 645 constaret,
927 586 970 632 an
992 587 1014 632 a
1030 574 1283 656 mann'antiqua

187 685 272 748 opus
294 666 376 731 illud
399 667 580 750 proiectum
604 666 666 729 sit:
688 665 769 729 milri
795 671 904 731 tamen
927 686 1040 734 omnes
1059 671 1126 735 illre
1152 691 1282 755 gemma

185 766 389 850 Virgilianae,
400 774 438 832 ut
451 769 527 834 aliae
544 766 687 832 Romam
702 771 893 850 argtrmenti,
906 772 1052 837 recentia
1064 773 1200 855 ingania
1212 793 1283 857 pro

186 867 263 933 dere
277 870 448 950 videntur3
470 871 638 934 nonenim
655 870 690 932 id
703 870 774 935 -fuit
790 890 924 936 snorum
947 873 1122 956 poetarum
1143 875 1283 940 studium

187 968 360 1049 Romanis,
376 992 437 1037 nec
452 972 568 1037 Graeci
589 970 732 1037 artificas
756 971 849 1037 latini
869 975 1024 1038 carminis
1045 975 1201 1057 peritiam
1217 984 1283 1040 tan·

185 1075 254 1136 tam
283 1074 438 1139 habuisse
467 1075 640 1154 videntur3
674 1079 788 1138 contra
815 1076 940 1140 saecule
971 1091 1024 1138 xv
1041 1081 1087 1139 et
1115 1092 1185 1139 xvi
1216 1079 1283 1141 c'nm

184 1171 316 1240 Graecae
332 1175 456 1240 tabulae
477 1176 577 1257 vulgo
594 1177 825 1256 ignorarentur,
849 1176 892 1239 ad
915 1175 1103 1241 Romam
1116 1179 1285 1243 historiam

187 1293 227 1339 ac
241 1277 339 1339 riturn
353 1277 502 1341 revocari
517 1278 629 1360 prisca
642 1282 863 1365 monumenta,
878 1278 1075 1343 adeundam
1092 1279 1163 1343 alia
1179 1300 1284 1347 recen·

179 1376 234 1454 ,tia
248 1397 349 1460 opera
367 1378 498 1455 confici,
512 1379 637 1462 passim
658 1376 818 1442 solebant.
863 1376 1015 1443 Ceterum
1030 1379 1192 1444 celeritati
1208 1382 1283 1444 bene

186 1480 367 1544 consulitur
389 1499 412 1544 a
432 1479 544 1564 polita,
561 1479 651 1542 omni
672 1478 771 1549 lovis
793 1497 942 1543 sermone
964 1481 1186 1563 omissaque
1199 1500 1285 1544 man·

184 1577 264 1645 data
278 1580 447 1647 Mercurio
461 1580 541 1646 data
553 1586 664 1659 erant;
686 1598 839 1662 quaenam
855 1580 914 1644 illa
932 1579 1062 1657 suerint,-
1076 1580 1284 1665 intelligimus

184 1683 291 1746 exiis
314 1704 390 1768 quae
406 1682 591 1748 Mercurius
604 1683 787 1765 exequitur.
838 1674 1023 1746 Mercurius
1037 1683 1284 1775 autemuanimis,

184 1791 222 1848 nt
238 1785 269 1847 h.
289 1784 312 1848 l.
339 1785 482 1849 Didonis
504 1789 538 1848 et
561 1784 753 1862 Poenorum,
776 1783 963 1849 molliendis
987 1788 1021 1847 et
1043 1783 1284 1850 flectendis'in-

184 1887 300 1968 primis
314 1887 454 1954 idoneus
470 1887 576 1964 Deus,
592 1888 650 1969 qui
668 1891 679 1919 ‘
694 1886 785 1950 ieros
798 1887 906 1951 cultus
919 1886 1092 1951 hominnm·
1102 1883 1284 1963 recentum,’

184 1984 337 2069 adeoque
351 1992 383 2050 et
395 1987 619 2064 barbarorum,
631 1987 746 2071 quales
768 1987 869 2052 Poeni
890 1993 994 2064 erant,
1010 1986 1187 2052 formarit·
1219 1986 1285 2052 Sci·

181 2086 262 2152 lieet
274 2086 339 2151 hoe
352 2087 395 2151 ad
410 2087 635 2170 persuasionis
648 2089 882 2169 vim-pertinet,
898 2090 932 2150 in
950 2087 1123 2165 monendo,
1139 2088 1285 2153 consiliis

184 2188 316 2268 dandis,
340 2188 447 2253 etsie
470 2207 587 2271 porro;
609 2186 795 2270 ut‘Odyss.
816 2197 854 2265 Α,
872 2189 916 2254 37
938 2187 982 2252 ad
1007 2187 1286 2277 dehortandqma

183 2291 307 2357 scelere
325 2291 514 2373 AEgisthum
536 2289 721 2354 Mercurius
740 2289 889 2354 mittitur.
934 2288 1079 2353 Omnino
1097 2290 1286 2355 oeconomia

182 2388 308 2458 tabulae
322 2392 421 2477 hujus
435 2393 531 2476 pn'rni
544 2391 621 2456 libri
643 2395 695 2454 ast
715 2391 847 2456 eximiae
861 2392 952 2455 artis.
997 2389 1213 2472 Carthaginis
1234 2389 1286 2455 ad·

184 2511 299 2558 versus
333 2495 449 2558 [Εηοω
473 2488 545 2556 fata
571 2491 704 2556 tuendae
727 2491 839 2556 studio
861 2490 911 2575 (v.
931 2509 1006 2574 sup.
1030 2490 1085 2555 17.
1099 2486 1173 2574 33)
1200 2488 1286 2556 iuno

184 2593 328 2657 AEneam
347 2593 499 2657 immissa
519 2594 715 2675 tempestate
736 2591 872 2676 perdere
895 2592 1052 2663 voluerat·
1097 2589 1207 2674 Atqui
1228 2592 1286 2656 liae

184 2693 263 2777 ipsa
275 2697 469 2777 tempestate
482 2693 518 2756 in
535 2690 746 2775 Carthaginis
759 2692 868 2776 hujus,
884 2693 938 2758 eui
951 2694 1043 2757 Jnno
1057 2693 1184 2770 metuit,
1198 2693 1286 2759 littus

184 2793 313 2875 ejicitur
333 2793 471 2858 AEneas.
514 2793 537 2856 J
540 2813 593 2856 am
607 2795 736 2858 mireris
755 2795 870 2878 utique
890 2793 1024 2877 po'etam
1040 2795 1104 2867 hoe
1124 2812 1211 2860 casn
1222 2812 1287 2859 non

185 2913 226 2957 eo
241 2895 302 2973 uti,
316 2900 353 2958 ut
374 2901 464 2960 tanto
485 2895 643 2979 majorem
664 2894 762 2958 nobis
785 2915 884 2978 super
905 2895 1021 2960 AEneae
1043 2895 1235 2960 dacum
1248 2914 1286 2960 ac

182 2996 343 3081 periculo,
364 3016 409 3062 ex
429 2995 573 3061 Jimenis
595 2995 682 3059 ediis
704 2997 739 3059 in
760 2996 818 3059 illa
840 2996 917 3079 ipsa
935 3000 1020 3060 tenu
1041 3000 1077 3060 et
1093 2997 1189 3075 urbe,
1209 3016 1285 3081 qnae

184 3094 270 3164 Deae
290 3103 461 3182 tantopere
487 3116 577 3162 eurae
602 3096 759 3179 cordique
780 3103 860 3173 erat,
882 3096 1101 3181 impendente,
1127 3098 1288 3164 sollieitu-

58 3220 61 3224 ’
182 3198 294 3264 dinem
322 3200 436 3265 iaciat.
481 3197 549 3263 Sed
573 3197 671 3281 poeta
698 3198 799 3263 aliam
822 3199 912 3262 viam
935 3203 986 3262 est
1006 3200 1189 3280 ingressus.
1234 3199 1288 3264 Ne

184 3299 309 3366 AEneas
322 3301 426 3365 ullum
446 3302 480 3364 in
501 3302 553 3365 his
576 3301 660 3364 locis
686 3299 871 3382 periculum
896 3298 1004 3377 adeat,
1028 3299 1170 3365 mittitur
1200 3300 1289 3366 Mar-

185 3401 297 3464 curius
316 3401 359 3464 ad
383 3399 562 3464 Poenomm
584 3399 791 3483 Didonisquc
810 3401 961 3484 inprimis
982 3400 1112 3465 animos
1135 3401 1289 3484 placidos

182 3506 216 3564 et
229 3500 393 3583 propitios
412 3499 616 3566 efficiendos.
662 3499 740 3578 Quo
758 3501 860 3578 facto,
877 3519 953 3565 cum
966 3507 1075 3566 tamm
1089 3503 1144 3566 vel
1155 3503 1209 3569 sie
1223 3504 1290 3569 Va·

181 3622 245 3667 nus
265 3603 410 3681 haberet,
425 3603 515 3686 qued
528 3603 551 3666 J
553 3602 671 3667 unonis
686 3602 765 3667 odia
786 3610 820 3667 et
836 3604 905 3667 iras
927 3607 1095 3681 metireret,
1109 3601 1288 3687 Cupidinis

181 3725 262 3770 mox
286 3703 345 3767 illa
367 3721 470 3787 opera
488 3705 589 3768 utitur
610 3703 682 3781 (ins.
705 3703 771 3769 668
794 3708 954 3787 sqq.),-ut
975 3702 1122 3767 Didonis
1141 3704 1288 3771 mum

181 3790 293 3872 amore
315 3805 348 3868 in
368 3805 509 3878 AEnearn
531 3805 721 3883 inflammet,
737 3824 805 3888 quo
819 3807 928 3869 minus
942 3805 1001 3869 illa
1016 3803 1160 3869 Jimonis
1171 3805 1289 3889 aliquo

181 3910 309 3974 monitu
329 3907 365 3971 in
386 3906 519 3970 diversa
538 3906 678 3971 consilia
698 3907 842 3990 impulsa
861 3908 894 3971 in
917 3907 990 3991 ejus
1006 3907 1191 3990 perniciem
1209 3925 1288 3973 eon·

183 4013 296 4094 spiret.
341 4008 472 4073 Interea
484 4007 507 4070 J
510 4027 587 4080 uno,
602 4006 682 4070 dum
696 4008 747 4072 liis
757 4006 830 4090 jam
843 4007 941 4073 malls
962 4006 1058 4072 aliter
1076 4006 1209 4087 occurri
1222 4026 1288 4072 non

150 4174 154 4183 .
182 4128 280 4199 posse
298 4109 394 4178 videt
421 4111 471 4187 (v,
494 4107 733 4207 1v,90,sqq3),
755 4105 820 4172 hoc
839 4107 919 4197 ipso
939 4106 1093 4174 Didonis
1114 4111 1152 4173 et
1169 4105 1287 4209 Elaea}
