2664 4686
113 303 201 369 4220
520 317 720 366 axcuasus
742 314 825 366 vru.

113 468 262 551 interque
276 484 333 529 eas
347 465 446 529 etiam
460 463 568 526 misere
578 470 726 525 amantes.
770 459 883 543 Vulgo
896 461 1040 545 quidem
1054 463 1099 527 ab
1112 462 1205 550 Int'pp
1226 538 1229 545 .

113 560 399 634 misereamantiom
412 565 587 628 sedesesse
597 563 767 628 traduntur
776 562 942 644 nugantes
952 562 1091 648 Campi.
1112 564 1204 630 Enim

112 689 193 734 vero
208 670 257 732 sic
272 687 392 750 magna
410 667 586 731 difficultas
609 667 723 742 oritur,
738 665 907 748 quomodo
922 663 1086 751 Eriphyle
1098 672 1131 732 et
1147 666 1204 733 Ge

113 772 164 835 nis
179 772 259 834 inter
274 770 392 832 misere
407 776 554 831 amantes
567 766 678 830 referri
692 767 832 850 possint:
877 766 946 829 Sed
970 767 1081 850 iniqui
1093 770 1129 832 in'
1139 766 1203 852 poi·

113 875 182 935 tam
197 870 348 934 videntur
361 888 435 931 esse
455 868 516 931 viri
532 867 642 931 docti:
664 888 698 931 v.
722 865 848 930 Notum
863 866 908 930 ad
923 887 958 932 v.
971 869 1043 932 uu
1053 888 1127 952 sqq.
1163 868 1202 933 lu

113 972 242 1036 scilicet
263 970 485 1054 dispescenda
498 976 548 1033 est
571 969 676 1032 oratio
691 988 724 1032 v.
746 968 812 1033 439
827 987 901 1050 sqq.
948 966 1202 1057 Hic—Legata

116 1071 231 1157 Compi
239 1070 361 1135 e—Hic
376 1073 528 1158 primum,
556 1091 631 1155 quos
644 1070 737 1133 durus
753 1090 841 1132 umor
853 1076 917 1134 etc.
962 1068 1054 1145 Turn
1067 1068 1115 1134 Itis
1128 1068 1202 1135 Pte

113 1171 203 1238 dram
220 1174 415 1260 Procriuque
428 1172 502 1236 locis
515 1179 580 1238 etc.

158 1275 322 1360 Contigna
345 1278 413 1340 illis
434 1281 477 1353 et,
507 1277 538 1339 si
562 1280 652 1339 recte
682 1273 841 1356 intelligo,
857 1274 892 1336 in
912 1279 1066 1338 extremo
1079 1271 1202 1358 Campo

113 1396 197 1455 rum,
214 1397 300 1460 quos
314 1378 479 1460 Lugentes
489 1383 611 1454 tenent,
626 1381 722 1460 parte
736 1376 803 1439 sita
815 1380 867 1439 est
880 1375 980 1438 sedes
988 1374 1129 1439 virorum
1138 1369 1201 1436 tetta

115 1475 270 1542 clarorum
285 1488 317 1544 et
330 1483 413 1545 inter
426 1478 639 1564 pugnandum
662 1497 849 1543 caesornm:
873 1475 966 1540 Arva
981 1474 1096 1541 ultimo
1107 1498 1140 1542 v.
1151 1476 1201 1541 m

111 1581 231 1647 -539,
268 1582 323 1647 Ita
336 1583 511 1665 excipiunt
521 1601 557 1644 se
570 1581 646 1644 loca
659 1599 783 1657 eorum,
797 1579 855 1661 qui
868 1584 975 1642 morte
987 1578 1082 1643 houd
1095 1583 1203 1642 matun
1233 1572 1236 1577 ’

112 1683 271 1762 interiere,
286 1684 456 1761 insontum,
470 1684 687 1760 heminarum,
702 1681 856 1746 heroum:
879 1699 1056 1743 commune
1071 1679 1203 1745 omullus

112 1781 187 1860 hoc,
202 1784 289 1866 quod
305 1785 451 1847 debitum
467 1785 546 1848 vitae
561 1789 692 1866 tempus
706 1802 772 1846 non
783 1787 972 1863 exegerunt.

155 1882 277 1967 Itaque
292 1886 377 1948 trina
391 1886 450 1949 illo
463 1887 540 1950 loca
555 1885 708 1949 citeriora
722 1885 853 1948 omnino
868 1901 985 1946 eorum
999 1883 1129 1947 animas
1141 1902 1204 1949 coo

112 1984 224 2061 tinent,
239 1988 296 2069 qui
321 1987 496 2049 immatura
517 1986 811 2066 morte-obierunt3
833 1985 898 2048 etsi
911 1982 1016 2067 poeto
1040 2003 1111 2050 non
1134 1986 1205 2050 satis

112 2086 276 2151 subtiliter
299 2088 373 2152 haec
401 2089 565 2164 tractavit,
591 2106 653 2150 nec
679 2086 814 2170 adjecit,
830 2086 936 2149 sintne
952 2085 1001 2149 illi
1025 2084 1206 2169 aliquando,

113 2189 256 2274 expletis
284 2189 441 2253 fatalibus
470 2191 573 2267 aunis,
600 2207 686 2272 quos
709 2193 966 2283 anteverterunt,
991 2186 1038 2250 ad
1069 2187 1208 2272 Elysium
1249 2220 1251 2229 ·

112 2291 322 2373 perventuri3
345 2290 405 2353 sed
429 2290 463 2352 in
485 2290 550 2354 hoo
576 2294 702 2354 tantum
731 2289 908 2366 laboravit,
929 2293 977 2365 ut,
992 2308 1072 2371 quae
1095 2291 1209 2374 passim

112 2391 204 2473 apud
219 2392 359 2457 Graecos
384 2392 502 2475 poetas
518 2392 559 2456 de
580 2391 665 2455 locis
686 2390 800 2454 inferis
813 2398 998 2454 memorato
1022 2391 1210 2469 videbatis

110 2489 185 2554 hoec
207 2492 284 2556 loca
306 2492 475 2570 conferret,
499 2493 715 2575 inprimisque
737 2491 879 2555 Homeri
903 2491 1062 2575 exemplo
1083 2492 1210 2557 heroum

112 2590 383 2676 heminarumque
415 2595 505 2657 clara
531 2594 663 2657 nomina
691 2594 861 2658 intexeret.
915 2591 1097 2658 Hactenus
1126 2595 1212 2678 igitur

113 2689 234 2754 Haden
248 2693 393 2756 vidimus
407 2694 588 2775 mythicum
602 2713 643 2757 ac
655 2690 837 2776 po'e'ticum.
870 2691 926 2756 Ad
941 2699 1064 2758 statum
1076 2695 1210 2778 aliquem

110 2790 256 2855 medium
271 2793 353 2856 inter
367 2812 486 2876 poenas
500 2801 533 2859 et
544 2796 686 2876 proemia
699 2796 772 2859 haec
783 2795 929 2877 redigere
941 2793 1212 2879 allaborat'l'mp·

111 2892 190 2974 pius
214 2913 290 2956 cum
304 2893 397 2975 aliis3
419 2914 482 2958 nec
505 2900 617 2959 tamen
639 2915 707 2958 rem
721 2895 765 2960 ad
778 2895 911 2977 Virgilii
927 2894 1066 2976 quidem
1080 2901 1211 2960 mentem

111 2992 303 3078 expediunt.
1037 3036 1044 3047 ·

154 3095 246 3160 Hinc
260 3094 327 3158 due
340 3096 397 3160 vica
410 3100 508 3174 (natae
520 3097 601 3179 forte
611 3116 655 3160 ex
668 3093 785 3184 τριόδοις
795 3096 946 3161 Platonis
958 3097 993 3159 in
1004 3095 1134 3181 Gorgia
1144 3117 1210 3184 pag.

111 3196 177 3261 357
194 3187 229 3260 Α.
254 3197 322 3261 Fri.
348 3198 459 3281 Steph.
483 3219 516 3282 p.
539 3198 604 3260 524
628 3193 692 3280 n),
716 3197 818 3262 altera
843 3198 886 3261 ad
912 3194 1066 3261 Plutonis
1092 3201 1211 3286 regium,

111 3317 250 3381 eamque
273 3303 526 3382 praetergressos
550 3298 592 3362 ad
616 3294 771 3382 Elysium,
786 3299 888 3378 ducit,
911 3300 1047 3366 sinistra
1069 3298 1210 3367 veroid

113 3394 282 3460 Tartarum
292 3399 474 3463 olo-543.

155 3498 246 3562 Dum
260 3499 303 3562 ad
328 3499 482 3564 Plutonis
496 3502 621 3583 regiam
644 3502 835 3586 procedunt,
860 3502 1031 3568 asinistra
1049 3502 1211 3571 Tartarum

112 3605 253 3666 ostentat
266 3609 299 3666 et
313 3601 471 3666 describit
486 3604 675 3687 Deiphobe,
691 3605 877 3670 sla-627.
898 3624 965 3668 non
977 3613 1091 3672 antem
1103 3609 1211 3675 intrat:

108 3722 144 3768 v.
158 3703 201 3766 ad
224 3724 275 3767 vs.
289 3705 365 3768 573.
410 3704 450 3767 In
465 3705 550 3769 hunc
566 3708 730 3770 transtulit
751 3707 861 3770 omnia
874 3704 1079 3789 politaque
1093 3716 1211 3785 veteres

110 3804 151 3869 de
162 3803 313 3878 Tartaro,
336 3805 369 3866 in
385 3825 482 3889 quem
496 3805 632 3871 'litones
645 3806 775 3872 lucrant
801 3807 935 3885 detrusi,
949 3807 1092 3874 fabulati
1105 3816 1209 3888 erant3

109 3930 143 3974 v.
168 3907 311 3972 Hesiod.
339 3905 466 3988 Theog.
489 3909 555 3972 720
578 3929 652 3992 sqq.
678 3909 721 3971 cs.
742 3909 840 3972 Iliad.
859 3917 896 3987 Θ,
921 3909 966 3974 14
989 3929 1088 3995 sqq:
1122 3927 1212 3997 porro

109 4012 266 4075 nonnulla
279 4029 323 4073 ex
338 4008 515 4074 Platonica
533 4010 664 4075 Tartari
679 4011 915 4095 descriptione,
930 4012 965 4074 in
980 4011 1101 4078 Phaed.
1117 4036 1151 4099 p.
1164 4013 1210 4088 83,

109 4119 209 4197 atquc
226 4113 325 4178 ctiam
339 4129 382 4175 ex
403 4111 620 4196 sulphurariis
643 4111 734 4177 circa
756 4109 893 4191 comas,
906 4105 991 4198 quas
1005 4112 1109 4180 letius
1121 4133 1209 4181 orna·
