<?xml version="1.0" encoding="UTF-8"?>
<!DOCTYPE html PUBLIC "-//W3C//DTD XHTML 1.0 Transitional//EN"
    "http://www.w3.org/TR/xhtml1/DTD/xhtml1-transitional.dtd">
<html xmlns="http://www.w3.org/1999/xhtml" xml:lang="en" lang="en">
 <head>
  <title>
</title>
<meta http-equiv="Content-Type" content="text/html;charset=utf-8" />
  <meta name='ocr-system' content='tesseract 3.04.00' />
  <meta name='ocr-capabilities' content='ocr_page ocr_carea ocr_par ocr_line ocrx_word'/>
</head>
<body>
  <div class='ocr_page' id='page_1' title='image "./pvirgiliimaroni00virggoog/pvirgiliimaroni00virggoog_0097.png"; bbox 0 0 2664 4686; ppageno 0'>
   <div class='ocr_carea' id='block_1_1' title="bbox 19 262 809 353">
    <p class='ocr_par' dir='ltr' id='par_1_1' title="bbox 19 262 809 353">
     <span class='ocr_line' id='line_1_1' title="bbox 19 262 809 353; baseline 0.004 -5"><span class='ocrx_word' id='word_1_1' title='bbox 19 343 22 348; x_wconf 88' lang='lat'>.</span> <span class='ocrx_word' id='word_1_2' title='bbox 84 278 173 347; x_wconf 72' lang='lat' dir='ltr'><strong>toto</strong></span> <span class='ocrx_word' id='word_1_3' title='bbox 396 262 430 313; x_wconf 68' lang='lat'><strong>⁴</strong></span> <span class='ocrx_word' id='word_1_4' title='bbox 470 296 672 353; x_wconf 74' lang='lat' dir='ltr'><strong>excursos</strong></span> <span class='ocrx_word' id='word_1_5' title='bbox 692 282 809 351; x_wconf 59' lang='lat' dir='ltr'><strong>xix!</strong></span> 
     </span>
    </p>
   </div>
   <div class='ocr_carea' id='block_1_2' title="bbox 8 442 1203 3046">
    <p class='ocr_par' dir='ltr' id='par_1_2' title="bbox 8 442 1203 3046">
     <span class='ocr_line' id='line_1_2' title="bbox 86 442 1184 531; baseline -0.002 -19"><span class='ocrx_word' id='word_1_6' title='bbox 86 446 264 530; x_wconf 64' lang='lat' dir='ltr'><strong>Aithiopes</strong></span> <span class='ocrx_word' id='word_1_7' title='bbox 284 445 466 511; x_wconf 81' lang='lat' dir='ltr'><strong>adduxisse</strong></span> <span class='ocrx_word' id='word_1_8' title='bbox 488 446 598 524; x_wconf 80' lang='lat' dir='ltr'><strong>fertur,</strong></span> <span class='ocrx_word' id='word_1_9' title='bbox 617 451 656 512; x_wconf 89' lang='lat' dir='ltr'><strong>nt</strong></span> <span class='ocrx_word' id='word_1_10' title='bbox 676 445 832 531; x_wconf 68' lang='lat' dir='ltr'><strong>&#39;liojanis</strong></span> <span class='ocrx_word' id='word_1_11' title='bbox 857 463 958 528; x_wconf 88' lang='lat' dir='ltr'><strong>opem</strong></span> <span class='ocrx_word' id='word_1_12' title='bbox 981 442 1101 509; x_wconf 84' lang='lat' dir='ltr'><strong>ferret:</strong></span> <span class='ocrx_word' id='word_1_13' title='bbox 1122 446 1184 510; x_wconf 82' lang='lat' dir='ltr'><strong>sive</strong></span> 
     </span>
     <span class='ocr_line' id='line_1_3' title="bbox 85 546 1185 631; baseline 0.001 -22"><span class='ocrx_word' id='word_1_14' title='bbox 85 546 174 630; x_wconf 90' lang='lat' dir='ltr'><strong>quod</strong></span> <span class='ocrx_word' id='word_1_15' title='bbox 188 546 278 611; x_wconf 83' lang='lat' dir='ltr'><strong>fama</strong></span> <span class='ocrx_word' id='word_1_16' title='bbox 292 554 466 629; x_wconf 86' lang='lat' dir='ltr'><strong>acceptum</strong></span> <span class='ocrx_word' id='word_1_17' title='bbox 480 555 562 624; x_wconf 82' lang='lat' dir='ltr'><strong>emt,</strong></span> <span class='ocrx_word' id='word_1_18' title='bbox 584 549 717 612; x_wconf 78' lang='lat' dir='ltr'><strong>venisse</strong></span> <span class='ocrx_word' id='word_1_19' title='bbox 735 547 895 631; x_wconf 67' lang='lat' dir='ltr'><strong>&#39;trojanis</strong></span> <span class='ocrx_word' id='word_1_20' title='bbox 908 546 1027 611; x_wconf 77' lang='lat' dir='ltr'><strong>socios</strong></span> <span class='ocrx_word' id='word_1_21' title='bbox 1042 552 1078 611; x_wconf 85' lang='lat' dir='ltr'><strong>et</strong></span> <span class='ocrx_word' id='word_1_22' title='bbox 1099 547 1185 610; x_wconf 84' lang='lat' dir='ltr'><strong>anxi-</strong></span> 
     </span>
     <span class='ocr_line' id='line_1_4' title="bbox 85 646 1185 732; baseline -0.001 -19"><span class='ocrx_word' id='word_1_23' title='bbox 85 647 135 713; x_wconf 81' lang='lat' dir='ltr'><strong>lia</strong></span> <span class='ocrx_word' id='word_1_24' title='bbox 147 668 192 711; x_wconf 80' lang='lat' dir='ltr'><strong>ex</strong></span> <span class='ocrx_word' id='word_1_25' title='bbox 207 650 301 712; x_wconf 88' lang='lat' dir='ltr'><strong>terris</strong></span> <span class='ocrx_word' id='word_1_26' title='bbox 315 649 358 712; x_wconf 81' lang='lat' dir='ltr'><strong>od</strong></span> <span class='ocrx_word' id='word_1_27' title='bbox 372 650 530 713; x_wconf 79' lang='lat' dir='ltr'>orientem</span> <span class='ocrx_word' id='word_1_28' title='bbox 547 649 690 713; x_wconf 73' lang='lat' dir='ltr'><strong>&#39;1⁸roodis</strong></span> <span class='ocrx_word' id='word_1_29' title='bbox 705 652 791 728; x_wconf 86' lang='lat' dir='ltr'><strong>sitis,</strong></span> <span class='ocrx_word' id='word_1_30' title='bbox 805 650 881 714; x_wconf 79' lang='lat' dir='ltr'><strong>sive</strong></span> <span class='ocrx_word' id='word_1_31' title='bbox 893 649 985 731; x_wconf 90' lang='lat' dir='ltr'><strong>quod</strong></span> <span class='ocrx_word' id='word_1_32' title='bbox 1008 667 1032 712; x_wconf 83' lang='lat' dir='ltr'><strong>a</strong></span> <span class='ocrx_word' id='word_1_33' title='bbox 1045 646 1185 732; x_wconf 77' lang='lat' dir='ltr'><strong>cyclicis</strong></span> 
     </span>
     <span class='ocr_line' id='line_1_5' title="bbox 86 749 1187 829; baseline 0 -16"><span class='ocrx_word' id='word_1_34' title='bbox 86 753 156 814; x_wconf 79' lang='lat' dir='ltr'><strong>tote</strong></span> <span class='ocrx_word' id='word_1_35' title='bbox 169 749 227 829; x_wconf 74' lang='lat' dir='ltr'><strong>iile</strong></span> <span class='ocrx_word' id='word_1_36' title='bbox 240 751 380 814; x_wconf 81' lang='lat' dir='ltr'><strong>narratio</strong></span> <span class='ocrx_word' id='word_1_37' title='bbox 395 750 456 814; x_wconf 83' lang='lat' dir='ltr'><strong>fuit</strong></span> <span class='ocrx_word' id='word_1_38' title='bbox 470 751 561 813; x_wconf 80' lang='lat' dir='ltr'><strong>illata</strong></span> <span class='ocrx_word' id='word_1_39' title='bbox 573 752 670 815; x_wconf 85' lang='lat' dir='ltr'><strong>rebus</strong></span> <span class='ocrx_word' id='word_1_40' title='bbox 687 750 831 816; x_wconf 66' lang='lat' dir='ltr'><strong>&#39;I&#39;roiciu</strong></span> <span class='ocrx_word' id='word_1_41' title='bbox 878 749 1065 814; x_wconf 86' lang='lat' dir='ltr'><strong>Obscurior</strong></span> <span class='ocrx_word' id='word_1_42' title='bbox 1082 754 1133 814; x_wconf 78' lang='lat' dir='ltr'><strong>eet</strong></span> <span class='ocrx_word' id='word_1_43' title='bbox 1151 749 1187 812; x_wconf 88' lang='lat' dir='ltr'><strong>de</strong></span> 
     </span>
     <span class='ocr_line' id='line_1_6' title="bbox 87 848 1185 937; baseline 0.002 -24"><span class='ocrx_word' id='word_1_44' title='bbox 87 848 267 914; x_wconf 82' lang='lat' dir='ltr'><strong>Memnone</strong></span> <span class='ocrx_word' id='word_1_45' title='bbox 282 851 406 929; x_wconf 83' lang='lat' dir='ltr'><strong>sabula,</strong></span> <span class='ocrx_word' id='word_1_46' title='bbox 431 859 466 916; x_wconf 90' lang='lat' dir='ltr'><strong>et</strong></span> <span class='ocrx_word' id='word_1_47' title='bbox 479 873 555 936; x_wconf 80' lang='lat' dir='ltr'><strong>quae</strong></span> <span class='ocrx_word' id='word_1_48' title='bbox 576 853 677 917; x_wconf 91' lang='lat' dir='ltr'><strong>modo</strong></span> <span class='ocrx_word' id='word_1_49' title='bbox 699 854 743 917; x_wconf 80' lang='lat' dir='ltr'><strong>ud</strong></span> <span class='ocrx_word' id='word_1_50' title='bbox 761 854 948 937; x_wconf 70' lang='lat' dir='ltr'><strong>AEgyptnm</strong></span> <span class='ocrx_word' id='word_1_51' title='bbox 973 853 1185 935; x_wconf 85' lang='lat' dir='ltr'><strong>superiorem,</strong></span> 
     </span>
     <span class='ocr_line' id='line_1_7' title="bbox 86 950 1187 1037; baseline 0 -22"><span class='ocrx_word' id='word_1_52' title='bbox 86 951 188 1015; x_wconf 93' lang='lat' dir='ltr'><strong>modo</strong></span> <span class='ocrx_word' id='word_1_53' title='bbox 202 954 246 1017; x_wconf 87' lang='lat' dir='ltr'><strong>ad</strong></span> <span class='ocrx_word' id='word_1_54' title='bbox 261 950 473 1037; x_wconf 81' lang='lat' dir='ltr'>Assyriorum</span> <span class='ocrx_word' id='word_1_55' title='bbox 498 953 583 1018; x_wconf 84' lang='lat' dir='ltr'><strong>edeo</strong></span> <span class='ocrx_word' id='word_1_56' title='bbox 602 954 742 1035; x_wconf 80' lang='lat' dir='ltr'><strong>origines</strong></span> <span class='ocrx_word' id='word_1_57' title='bbox 755 959 938 1022; x_wconf 81' lang='lat' dir='ltr'><strong>revooetor.</strong></span> <span class='ocrx_word' id='word_1_58' title='bbox 982 952 1077 1017; x_wconf 91' lang='lat' dir='ltr'><strong>Vide</strong></span> <span class='ocrx_word' id='word_1_59' title='bbox 1092 972 1115 1016; x_wconf 80' lang='lat' dir='ltr'><strong>a</strong></span> <span class='ocrx_word' id='word_1_60' title='bbox 1128 952 1187 1016; x_wconf 88' lang='lat' dir='ltr'><strong>Po-</strong></span> 
     </span>
     <span class='ocr_line' id='line_1_8' title="bbox 87 1053 1188 1137; baseline 0.004 -20"><span class='ocrx_word' id='word_1_61' title='bbox 87 1053 207 1118; x_wconf 85' lang='lat' dir='ltr'><strong>oockio</strong></span> <span class='ocrx_word' id='word_1_62' title='bbox 217 1063 375 1136; x_wconf 81' lang='lat' dir='ltr'><strong>congesta</strong></span> <span class='ocrx_word' id='word_1_63' title='bbox 388 1055 433 1120; x_wconf 84' lang='lat' dir='ltr'><strong>ad</strong></span> <span class='ocrx_word' id='word_1_64' title='bbox 448 1054 638 1119; x_wconf 87' lang='lat' dir='ltr'><strong>Memnonis</strong></span> <span class='ocrx_word' id='word_1_65' title='bbox 651 1057 780 1137; x_wconf 85' lang='lat' dir='ltr'><strong>signum</strong></span> <span class='ocrx_word' id='word_1_66' title='bbox 793 1056 1082 1120; x_wconf 75' lang='lat' dir='ltr'><strong>illustrandum&#39;in</strong></span> <span class='ocrx_word' id='word_1_67' title='bbox 1093 1057 1188 1121; x_wconf 76' lang='lat' dir='ltr'><strong>minis</strong></span> 
     </span>
     <span class='ocr_line' id='line_1_9' title="bbox 86 1153 1189 1241; baseline 0.003 -22"><span class='ocrx_word' id='word_1_68' title='bbox 86 1153 276 1220; x_wconf 66' lang='lat' dir='ltr'><strong>hobarum</strong></span> <span class='ocrx_word' id='word_1_69' title='bbox 299 1157 482 1240; x_wconf 72' lang='lat' dir='ltr'><strong>(Doecript.</strong></span> <span class='ocrx_word' id='word_1_70' title='bbox 502 1157 541 1220; x_wconf 81' lang='lat' dir='ltr'><strong>of</strong></span> <span class='ocrx_word' id='word_1_71' title='bbox 555 1158 608 1220; x_wconf 89' lang='lat' dir='ltr'><strong>the</strong></span> <span class='ocrx_word' id='word_1_72' title='bbox 633 1155 719 1220; x_wconf 76' lang='lat' dir='ltr'><strong>Eost</strong></span> <span class='ocrx_word' id='word_1_73' title='bbox 731 1155 829 1221; x_wconf 86' lang='lat' dir='ltr'><strong>Tom.</strong></span> <span class='ocrx_word' id='word_1_74' title='bbox 845 1173 871 1234; x_wconf 90' lang='lat'><strong>1,</strong></span> <span class='ocrx_word' id='word_1_75' title='bbox 886 1178 922 1241; x_wconf 90' lang='lat' dir='ltr'><strong>p.</strong></span> <span class='ocrx_word' id='word_1_76' title='bbox 937 1157 998 1221; x_wconf 84' lang='lat'><strong>101</strong></span> <span class='ocrx_word' id='word_1_77' title='bbox 1026 1159 1189 1241; x_wconf 70' lang='lat' dir='ltr'><strong>sqqeeu</strong></span> 
     </span>
     <span class='ocr_line' id='line_1_10' title="bbox 88 1246 1190 1342; baseline 0.004 -22"><span class='ocrx_word' id='word_1_78' title='bbox 88 1254 301 1339; x_wconf 83' lang='lat' dir='ltr'><strong>Inscription.</strong></span> <span class='ocrx_word' id='word_1_79' title='bbox 313 1265 381 1322; x_wconf 84' lang='lat' dir='ltr'><strong>ant.</strong></span> <span class='ocrx_word' id='word_1_80' title='bbox 389 1258 508 1339; x_wconf 84' lang='lat' dir='ltr'><strong>graecis</strong></span> <span class='ocrx_word' id='word_1_81' title='bbox 518 1278 553 1341; x_wconf 83' lang='lat' dir='ltr'><strong>p.</strong></span> <span class='ocrx_word' id='word_1_82' title='bbox 561 1259 606 1322; x_wconf 80' lang='lat'><strong>80</strong></span> <span class='ocrx_word' id='word_1_83' title='bbox 619 1276 695 1341; x_wconf 88' lang='lat' dir='ltr'><strong>sqq.</strong></span> <span class='ocrx_word' id='word_1_84' title='bbox 703 1259 748 1323; x_wconf 82' lang='lat'><strong>91</strong></span> <span class='ocrx_word' id='word_1_85' title='bbox 756 1255 862 1342; x_wconf 79' lang='lat' dir='ltr'><strong>sqq).</strong></span> <span class='ocrx_word' id='word_1_86' title='bbox 877 1246 946 1322; x_wconf 86' lang='lat' dir='ltr'><strong>Sed</strong></span> <span class='ocrx_word' id='word_1_87' title='bbox 959 1277 1001 1322; x_wconf 89' lang='lat' dir='ltr'><strong>ne</strong></span> <span class='ocrx_word' id='word_1_88' title='bbox 1012 1258 1127 1342; x_wconf 79' lang='lat' dir='ltr'><strong>po&#39;e&#39;tae</strong></span> <span class='ocrx_word' id='word_1_89' title='bbox 1138 1259 1190 1323; x_wconf 83' lang='lat' dir='ltr'><strong>ub·</strong></span> 
     </span>
     <span class='ocr_line' id='line_1_11' title="bbox 87 1358 1190 1438; baseline 0.002 -16"><span class='ocrx_word' id='word_1_90' title='bbox 87 1358 189 1422; x_wconf 79' lang='lat' dir='ltr'><strong>eorda</strong></span> <span class='ocrx_word' id='word_1_91' title='bbox 202 1361 378 1423; x_wconf 89' lang='lat' dir='ltr'><strong>commenti</strong></span> <span class='ocrx_word' id='word_1_92' title='bbox 392 1379 465 1424; x_wconf 75' lang='lat' dir='ltr'><strong>esee</strong></span> <span class='ocrx_word' id='word_1_93' title='bbox 486 1358 669 1436; x_wconf 72' lang='lat' dir='ltr'><strong>videantur,</strong></span> <span class='ocrx_word' id='word_1_94' title='bbox 684 1359 748 1424; x_wconf 88' lang='lat' dir='ltr'><strong>hoc</strong></span> <span class='ocrx_word' id='word_1_95' title='bbox 761 1360 879 1424; x_wconf 81' lang='lat' dir='ltr'><strong>saltem</strong></span> <span class='ocrx_word' id='word_1_96' title='bbox 891 1361 1118 1438; x_wconf 80' lang='lat' dir='ltr'><strong>monebimus,</strong></span> <span class='ocrx_word' id='word_1_97' title='bbox 1133 1358 1190 1424; x_wconf 77' lang='lat' dir='ltr'><strong>Ae·</strong></span> 
     </span>
     <span class='ocr_line' id='line_1_12' title="bbox 8 1446 1191 1545; baseline 0.001 -20"><span class='ocrx_word' id='word_1_98' title='bbox 8 1458 15 1469; x_wconf 90' lang='lat'>&#39;</span> <span class='ocrx_word' id='word_1_99' title='bbox 87 1462 247 1545; x_wconf 72' lang='lat' dir='ltr'><strong>syriorum</strong></span> <span class='ocrx_word' id='word_1_100' title='bbox 276 1462 448 1544; x_wconf 88' lang='lat' dir='ltr'><strong>imperium</strong></span> <span class='ocrx_word' id='word_1_101' title='bbox 470 1460 573 1524; x_wconf 75' lang='lat' dir='ltr'><strong>rideri</strong></span> <span class='ocrx_word' id='word_1_102' title='bbox 588 1461 645 1524; x_wconf 89' lang='lat' dir='ltr'><strong>illo</strong></span> <span class='ocrx_word' id='word_1_103' title='bbox 662 1446 811 1544; x_wconf 73' lang='lat' dir='ltr'><strong>tempdre</strong></span> <span class='ocrx_word' id='word_1_104' title='bbox 829 1463 984 1543; x_wconf 83' lang='lat' dir='ltr'><strong>usquein</strong></span> <span class='ocrx_word' id='word_1_105' title='bbox 998 1459 1125 1526; x_wconf 78' lang='lat' dir='ltr'><strong>Asiam</strong></span> <span class='ocrx_word' id='word_1_106' title='bbox 1137 1461 1191 1525; x_wconf 91' lang='lat' dir='ltr'><strong>mi·</strong></span> 
     </span>
     <span class='ocr_line' id='line_1_13' title="bbox 87 1561 1190 1647; baseline 0.003 -21"><span class='ocrx_word' id='word_1_107' title='bbox 87 1581 201 1626; x_wconf 89' lang='lat' dir='ltr'><strong>norem</strong></span> <span class='ocrx_word' id='word_1_108' title='bbox 223 1563 398 1646; x_wconf 81' lang='lat' dir='ltr'><strong>prolatum,</strong></span> <span class='ocrx_word' id='word_1_109' title='bbox 424 1569 526 1647; x_wconf 81' lang='lat' dir='ltr'><strong>utque</strong></span> <span class='ocrx_word' id='word_1_110' title='bbox 550 1582 596 1626; x_wconf 84' lang='lat' dir='ltr'><strong>ex</strong></span> <span class='ocrx_word' id='word_1_111' title='bbox 615 1563 658 1627; x_wconf 90' lang='lat' dir='ltr'><strong>iis</strong></span> <span class='ocrx_word' id='word_1_112' title='bbox 684 1562 817 1641; x_wconf 84' lang='lat' dir='ltr'><strong>finibus,</strong></span> <span class='ocrx_word' id='word_1_113' title='bbox 832 1563 984 1645; x_wconf 79' lang='lat' dir='ltr'><strong>adeoque</strong></span> <span class='ocrx_word' id='word_1_114' title='bbox 997 1582 1045 1626; x_wconf 82' lang='lat' dir='ltr'><strong>ex</strong></span> <span class='ocrx_word' id='word_1_115' title='bbox 1058 1561 1190 1629; x_wconf 83' lang='lat' dir='ltr'><strong>Oriente</strong></span> 
     </span>
     <span class='ocr_line' id='line_1_14' title="bbox 88 1660 1192 1747; baseline 0 -21"><span class='ocrx_word' id='word_1_116' title='bbox 88 1661 178 1740; x_wconf 87' lang='lat' dir='ltr'><strong>(hinc</strong></span> <span class='ocrx_word' id='word_1_117' title='bbox 196 1660 270 1727; x_wconf 76' lang='lat' dir='ltr'><strong>Eooe</strong></span> <span class='ocrx_word' id='word_1_118' title='bbox 285 1664 388 1742; x_wconf 69' lang='lat' dir='ltr'><strong>odes),</strong></span> <span class='ocrx_word' id='word_1_119' title='bbox 404 1685 469 1729; x_wconf 90' lang='lat' dir='ltr'><strong>non</strong></span> <span class='ocrx_word' id='word_1_120' title='bbox 482 1683 614 1729; x_wconf 79' lang='lat' dir='ltr'><strong>veroex</strong></span> <span class='ocrx_word' id='word_1_121' title='bbox 625 1661 771 1747; x_wconf 74' lang='lat' dir='ltr'><strong>Assyria</strong></span> <span class='ocrx_word' id='word_1_122' title='bbox 783 1664 918 1746; x_wconf 85' lang='lat' dir='ltr'><strong>proprie</strong></span> <span class='ocrx_word' id='word_1_123' title='bbox 932 1661 1037 1740; x_wconf 75' lang='lat' dir='ltr'><strong>dicta,</strong></span> <span class='ocrx_word' id='word_1_124' title='bbox 1049 1665 1192 1746; x_wconf 74' lang='lat' dir='ltr'><strong>potuisse</strong></span> 
     </span>
     <span class='ocr_line' id='line_1_15' title="bbox 87 1762 1192 1850; baseline 0.003 -24"><span class='ocrx_word' id='word_1_125' title='bbox 87 1762 168 1845; x_wconf 85' lang='lat' dir='ltr'><strong>fingi</strong></span> <span class='ocrx_word' id='word_1_126' title='bbox 189 1766 243 1829; x_wconf 86' lang='lat' dir='ltr'><strong>vel</strong></span> <span class='ocrx_word' id='word_1_127' title='bbox 262 1766 346 1830; x_wconf 85' lang='lat' dir='ltr'><strong>tradi</strong></span> <span class='ocrx_word' id='word_1_128' title='bbox 368 1767 512 1850; x_wconf 82' lang='lat' dir='ltr'><strong>aliquem</strong></span> <span class='ocrx_word' id='word_1_129' title='bbox 535 1765 756 1842; x_wconf 78' lang='lat' dir='ltr'><strong>Memnonem,</strong></span> <span class='ocrx_word' id='word_1_130' title='bbox 781 1763 934 1842; x_wconf 74' lang='lat' dir='ltr'><strong>Aumrae,</strong></span> <span class='ocrx_word' id='word_1_131' title='bbox 956 1767 1059 1843; x_wconf 80' lang='grc' dir='ltr'><em>Ἠοῦς,</em></span> <span class='ocrx_word' id='word_1_132' title='bbox 1080 1765 1192 1841; x_wconf 87' lang='lat' dir='ltr'><strong>filium,</strong></span> 
     </span>
     <span class='ocr_line' id='line_1_16' title="bbox 89 1866 1194 1951; baseline -0.001 -20"><span class='ocrx_word' id='word_1_133' title='bbox 89 1868 210 1949; x_wconf 82' lang='lat' dir='ltr'><strong>copies</strong></span> <span class='ocrx_word' id='word_1_134' title='bbox 224 1867 381 1951; x_wconf 84' lang='lat' dir='ltr'><strong>Trojanis</strong></span> <span class='ocrx_word' id='word_1_135' title='bbox 404 1866 602 1946; x_wconf 80' lang='lat' dir='ltr'><strong>adduxisse3</strong></span> <span class='ocrx_word' id='word_1_136' title='bbox 634 1867 737 1931; x_wconf 79' lang='lat' dir='ltr'><strong>Indos</strong></span> <span class='ocrx_word' id='word_1_137' title='bbox 761 1874 795 1931; x_wconf 90' lang='lat' dir='ltr'><strong>et</strong></span> <span class='ocrx_word' id='word_1_138' title='bbox 815 1869 994 1951; x_wconf 82' lang='lat' dir='ltr'><strong>AEthiopes</strong></span> <span class='ocrx_word' id='word_1_139' title='bbox 1013 1867 1128 1951; x_wconf 77' lang='lat' dir='ltr'><strong>po&#39;etae</strong></span> <span class='ocrx_word' id='word_1_140' title='bbox 1142 1885 1194 1930; x_wconf 81' lang='lat' dir='ltr'><strong>vo·</strong></span> 
     </span>
     <span class='ocr_line' id='line_1_17' title="bbox 89 1964 1193 2054; baseline -0.002 -21"><span class='ocrx_word' id='word_1_141' title='bbox 89 1976 182 2048; x_wconf 79' lang='lat' dir='ltr'><strong>cunt3</strong></span> <span class='ocrx_word' id='word_1_142' title='bbox 205 1989 271 2053; x_wconf 95' lang='lat' dir='ltr'><strong>quo</strong></span> <span class='ocrx_word' id='word_1_143' title='bbox 286 1972 415 2033; x_wconf 88' lang='lat' dir='ltr'><strong>nomine</strong></span> <span class='ocrx_word' id='word_1_144' title='bbox 430 1989 543 2032; x_wconf 89' lang='lat' dir='ltr'><strong>omnes</strong></span> <span class='ocrx_word' id='word_1_145' title='bbox 565 1970 608 2033; x_wconf 83' lang='lat' dir='ltr'><strong>ad</strong></span> <span class='ocrx_word' id='word_1_146' title='bbox 623 1968 793 2033; x_wconf 77' lang='lat' dir='ltr'><strong>Orientem</strong></span> <span class='ocrx_word' id='word_1_147' title='bbox 808 1972 893 2034; x_wconf 85' lang='lat' dir='ltr'><strong>sitos</strong></span> <span class='ocrx_word' id='word_1_148' title='bbox 906 1970 1065 2054; x_wconf 86' lang='lat' dir='ltr'><strong>populos,</strong></span> <span class='ocrx_word' id='word_1_149' title='bbox 1081 1970 1116 2032; x_wconf 93' lang='lat' dir='ltr'><strong>in</strong></span> <span class='ocrx_word' id='word_1_150' title='bbox 1128 1964 1193 2031; x_wconf 82' lang='lat' dir='ltr'><strong>Au-</strong></span> 
     </span>
     <span class='ocr_line' id='line_1_18' title="bbox 68 2066 1196 2154; baseline -0.001 -20"><span class='ocrx_word' id='word_1_151' title='bbox 68 2066 244 2134; x_wconf 76' lang='lat' dir='ltr'><strong>&#39;sudibus</strong></span> <span class='ocrx_word' id='word_1_152' title='bbox 268 2071 417 2152; x_wconf 88' lang='lat' dir='ltr'><strong>inprimis</strong></span> <span class='ocrx_word' id='word_1_153' title='bbox 439 2071 558 2154; x_wconf 77' lang='lat' dir='ltr'><strong>plagis,</strong></span> <span class='ocrx_word' id='word_1_154' title='bbox 585 2069 798 2135; x_wconf 80' lang='lat' dir='ltr'><strong>declarabant</strong></span> <span class='ocrx_word' id='word_1_155' title='bbox 815 2076 955 2136; x_wconf 76' lang='lat' dir='ltr'><strong>veteres,</strong></span> <span class='ocrx_word' id='word_1_156' title='bbox 1000 2067 1196 2136; x_wconf 67' lang='lat' dir='ltr'><strong>ornando</strong></span> 
     </span>
     <span class='ocr_line' id='line_1_19' title="bbox 87 2170 1196 2261; baseline -0.001 -26"><span class='ocrx_word' id='word_1_157' title='bbox 87 2171 165 2235; x_wconf 90' lang='lat' dir='ltr'><strong>inde</strong></span> <span class='ocrx_word' id='word_1_158' title='bbox 180 2170 281 2237; x_wconf 78' lang='lat' dir='ltr'><strong>variis</strong></span> <span class='ocrx_word' id='word_1_159' title='bbox 294 2171 404 2233; x_wconf 83' lang='lat' dir='ltr'><strong>modis</strong></span> <span class='ocrx_word' id='word_1_160' title='bbox 414 2171 659 2253; x_wconf 77' lang='lat' dir='ltr'><strong>etampiificata</strong></span> <span class='ocrx_word' id='word_1_161' title='bbox 669 2173 796 2237; x_wconf 78' lang='lat' dir='ltr'><strong>fabula.</strong></span> <span class='ocrx_word' id='word_1_162' title='bbox 812 2172 867 2237; x_wconf 80' lang='lat' dir='ltr'><strong>cf.</strong></span> <span class='ocrx_word' id='word_1_163' title='bbox 882 2171 1034 2261; x_wconf 77' lang='lat' dir='ltr'><strong>Peneon.</strong></span> <span class='ocrx_word' id='word_1_164' title='bbox 1051 2187 1094 2249; x_wconf 84' lang='lat' dir='ltr'><strong>x,</strong></span> <span class='ocrx_word' id='word_1_165' title='bbox 1108 2171 1196 2254; x_wconf 69' lang='lat'>3112.</span> 
     </span>
     <span class='ocr_line' id='line_1_20' title="bbox 90 2270 1195 2350; baseline -0.004 -12"><span class='ocrx_word' id='word_1_166' title='bbox 90 2273 167 2338; x_wconf 81' lang='lat'><strong>875.</strong></span> <span class='ocrx_word' id='word_1_167' title='bbox 199 2272 311 2337; x_wconf 90' lang='lat' dir='ltr'><strong>Schol.</strong></span> <span class='ocrx_word' id='word_1_168' title='bbox 331 2270 429 2334; x_wconf 89' lang='lat' dir='ltr'><strong>Pind.</strong></span> <span class='ocrx_word' id='word_1_169' title='bbox 445 2270 544 2333; x_wconf 88' lang='lat' dir='ltr'><strong>Nem.</strong></span> <span class='ocrx_word' id='word_1_170' title='bbox 564 2272 598 2350; x_wconf 87' lang='grc'><strong>6,</strong></span> <span class='ocrx_word' id='word_1_171' title='bbox 612 2273 667 2338; x_wconf 80' lang='lat'><strong>85.</strong></span> <span class='ocrx_word' id='word_1_172' title='bbox 682 2274 716 2350; x_wconf 80' lang='lat'><strong>3,</strong></span> <span class='ocrx_word' id='word_1_173' title='bbox 733 2275 808 2337; x_wconf 78' lang='lat' dir='ltr'><strong>too.</strong></span> <span class='ocrx_word' id='word_1_174' title='bbox 823 2273 905 2337; x_wconf 82' lang='lat' dir='ltr'><strong>edd.</strong></span> <span class='ocrx_word' id='word_1_175' title='bbox 921 2273 982 2336; x_wconf 84' lang='lat' dir='ltr'><strong>inf.</strong></span> <span class='ocrx_word' id='word_1_176' title='bbox 1002 2273 1051 2337; x_wconf 76' lang='lat' dir='ltr'><strong>ad</strong></span> <span class='ocrx_word' id='word_1_177' title='bbox 1072 2290 1109 2338; x_wconf 70' lang='lat' dir='ltr'><strong>v.</strong></span> <span class='ocrx_word' id='word_1_178' title='bbox 1123 2272 1195 2336; x_wconf 72' lang='lat'><strong>⁷51.</strong></span> 
     </span>
     <span class='ocr_line' id='line_1_21' title="bbox 91 2367 1196 2457; baseline -0.002 -20"><span class='ocrx_word' id='word_1_179' title='bbox 91 2373 313 2457; x_wconf 88' lang='lat' dir='ltr'><strong>Fuit-quoque</strong></span> <span class='ocrx_word' id='word_1_180' title='bbox 328 2371 515 2434; x_wconf 91' lang='lat' dir='ltr'><strong>Memnonis</strong></span> <span class='ocrx_word' id='word_1_181' title='bbox 530 2370 716 2454; x_wconf 85' lang='lat' dir='ltr'><strong>sepulcrum</strong></span> <span class='ocrx_word' id='word_1_182' title='bbox 738 2367 827 2433; x_wconf 86' lang='lat' dir='ltr'><strong>haud</strong></span> <span class='ocrx_word' id='word_1_183' title='bbox 841 2368 939 2451; x_wconf 87' lang='lat' dir='ltr'><strong>longe</strong></span> <span class='ocrx_word' id='word_1_184' title='bbox 953 2371 997 2434; x_wconf 79' lang='lat' dir='ltr'><strong>ab</strong></span> <span class='ocrx_word' id='word_1_185' title='bbox 1011 2371 1143 2455; x_wconf 79' lang='lat' dir='ltr'><strong>AEeepo</strong></span> <span class='ocrx_word' id='word_1_186' title='bbox 1157 2370 1196 2435; x_wconf 80' lang='lat' dir='ltr'><strong>ad</strong></span> 
     </span>
     <span class='ocr_line' id='line_1_22' title="bbox 91 2471 1197 2559; baseline -0.004 -17"><span class='ocrx_word' id='word_1_187' title='bbox 91 2478 346 2559; x_wconf 72' lang='lat' dir='ltr'><strong>septentrionem</strong></span> <span class='ocrx_word' id='word_1_188' title='bbox 369 2473 513 2537; x_wconf 82' lang='lat' dir='ltr'><strong>Troadis</strong></span> <span class='ocrx_word' id='word_1_189' title='bbox 527 2473 656 2536; x_wconf 81' lang='lat' dir='ltr'><strong>finium:</strong></span> <span class='ocrx_word' id='word_1_190' title='bbox 691 2471 1092 2555; x_wconf 81' lang='lat' dir='ltr'><strong>Strau.x111p.878.c.</strong></span> <span class='ocrx_word' id='word_1_191' title='bbox 1116 2473 1197 2553; x_wconf 82' lang='lat' dir='ltr'><strong>Cou-</strong></span> 
     </span>
     <span class='ocr_line' id='line_1_23' title="bbox 89 2570 1198 2658; baseline -0.004 -16"><span class='ocrx_word' id='word_1_192' title='bbox 89 2577 166 2642; x_wconf 80' lang='lat' dir='ltr'><strong>fusa</strong></span> <span class='ocrx_word' id='word_1_193' title='bbox 190 2578 322 2642; x_wconf 85' lang='lat' dir='ltr'><strong>tandem</strong></span> <span class='ocrx_word' id='word_1_194' title='bbox 346 2595 421 2638; x_wconf 87' lang='lat' dir='ltr'><strong>curn</strong></span> <span class='ocrx_word' id='word_1_195' title='bbox 451 2575 519 2637; x_wconf 89' lang='lat' dir='ltr'><strong>alio</strong></span> <span class='ocrx_word' id='word_1_196' title='bbox 548 2572 727 2637; x_wconf 86' lang='lat' dir='ltr'><strong>Memnone</strong></span> <span class='ocrx_word' id='word_1_197' title='bbox 751 2573 926 2656; x_wconf 77' lang='lat' dir='ltr'><strong>AEgyptio,</strong></span> <span class='ocrx_word' id='word_1_198' title='bbox 957 2570 1198 2658; x_wconf 72' lang='lat' dir='ltr'><strong>Pha-memphi</strong></span> 
     </span>
     <span class='ocr_line' id='line_1_24' title="bbox 91 2671 1199 2760; baseline 0 -20"><span class='ocrx_word' id='word_1_199' title='bbox 91 2677 182 2760; x_wconf 81' lang='lat' dir='ltr'><strong>opud</strong></span> <span class='ocrx_word' id='word_1_200' title='bbox 196 2677 300 2741; x_wconf 81' lang='lat' dir='ltr'><strong>Paus.</strong></span> <span class='ocrx_word' id='word_1_201' title='bbox 318 2693 342 2752; x_wconf 89' lang='lat'><strong>1,</strong></span> <span class='ocrx_word' id='word_1_202' title='bbox 360 2676 405 2738; x_wconf 76' lang='lat'><strong>42</strong></span> <span class='ocrx_word' id='word_1_203' title='bbox 427 2696 462 2757; x_wconf 86' lang='lat' dir='ltr'><strong>p.</strong></span> <span class='ocrx_word' id='word_1_204' title='bbox 489 2675 565 2751; x_wconf 89' lang='lat'>101,</span> <span class='ocrx_word' id='word_1_205' title='bbox 584 2674 664 2737; x_wconf 81' lang='lat' dir='ltr'><strong>alibi</strong></span> <span class='ocrx_word' id='word_1_206' title='bbox 681 2671 884 2757; x_wconf 75' lang='lat' dir='ltr'><strong>Amenopltis,</strong></span> <span class='ocrx_word' id='word_1_207' title='bbox 902 2675 927 2740; x_wconf 79' lang='lat' dir='ltr'><strong>f.</strong></span> <span class='ocrx_word' id='word_1_208' title='bbox 941 2672 1199 2759; x_wconf 71' lang='lat' dir='ltr'><strong>dmm-nephi,</strong></span> 
     </span>
     <span class='ocr_line' id='line_1_25' title="bbox 92 2773 1203 2859; baseline -0.002 -18"><span class='ocrx_word' id='word_1_209' title='bbox 92 2777 271 2841; x_wconf 85' lang='lat' dir='ltr'><strong>secundum</strong></span> <span class='ocrx_word' id='word_1_210' title='bbox 283 2775 306 2840; x_wconf 87' lang='lat' dir='ltr'>J</span> <span class='ocrx_word' id='word_1_211' title='bbox 309 2774 459 2841; x_wconf 83' lang='lat' dir='ltr'><strong>ablonsk.</strong></span> <span class='ocrx_word' id='word_1_212' title='bbox 476 2773 517 2838; x_wconf 89' lang='lat' dir='ltr'><strong>de</strong></span> <span class='ocrx_word' id='word_1_213' title='bbox 534 2774 711 2838; x_wconf 90' lang='lat' dir='ltr'><strong>Memnone</strong></span> <span class='ocrx_word' id='word_1_214' title='bbox 724 2796 760 2859; x_wconf 88' lang='lat' dir='ltr'><strong>p.</strong></span> <span class='ocrx_word' id='word_1_215' title='bbox 769 2775 824 2840; x_wconf 83' lang='lat'><strong>31.</strong></span> <span class='ocrx_word' id='word_1_216' title='bbox 855 2775 936 2839; x_wconf 81' lang='lat' dir='ltr'><strong>Erat</strong></span> <span class='ocrx_word' id='word_1_217' title='bbox 950 2778 981 2840; x_wconf 88' lang='lat' dir='ltr'><strong>is</strong></span> <span class='ocrx_word' id='word_1_218' title='bbox 997 2776 1058 2840; x_wconf 90' lang='lat' dir='ltr'><strong>Sol</strong></span> <span class='ocrx_word' id='word_1_219' title='bbox 1072 2778 1203 2842; x_wconf 74' lang='lat' dir='ltr'><strong>oriem:</strong></span> 
     </span>
     <span class='ocr_line' id='line_1_26' title="bbox 92 2875 1198 2960; baseline 0.004 -19"><span class='ocrx_word' id='word_1_220' title='bbox 92 2875 128 2941; x_wconf 91' lang='lat' dir='ltr'><strong>id</strong></span> <span class='ocrx_word' id='word_1_221' title='bbox 142 2877 230 2959; x_wconf 91' lang='lat' dir='ltr'><strong>quod</strong></span> <span class='ocrx_word' id='word_1_222' title='bbox 244 2883 353 2943; x_wconf 76' lang='lat' dir='ltr'><strong>statuo</strong></span> <span class='ocrx_word' id='word_1_223' title='bbox 378 2896 510 2960; x_wconf 89' lang='lat' dir='ltr'><strong>quoque</strong></span> <span class='ocrx_word' id='word_1_224' title='bbox 531 2877 592 2942; x_wconf 87' lang='lat' dir='ltr'><strong>sub</strong></span> <span class='ocrx_word' id='word_1_225' title='bbox 622 2879 779 2943; x_wconf 85' lang='lat' dir='ltr'><strong>orientem</strong></span> <span class='ocrx_word' id='word_1_226' title='bbox 796 2878 910 2943; x_wconf 86' lang='lat' dir='ltr'><strong>Solem</strong></span> <span class='ocrx_word' id='word_1_227' title='bbox 931 2880 1064 2945; x_wconf 75' lang='lat' dir='ltr'><strong>vocalis</strong></span> <span class='ocrx_word' id='word_1_228' title='bbox 1091 2881 1198 2946; x_wconf 81' lang='lat' dir='ltr'><strong>declu-</strong></span> 
     </span>
     <span class='ocr_line' id='line_1_27' title="bbox 93 2979 197 3046; baseline -0.01 0"><span class='ocrx_word' id='word_1_229' title='bbox 93 2979 197 3046; x_wconf 77' lang='lat' dir='ltr'><strong>rabat.</strong></span> 
     </span>
    </p>
   </div>
   <div class='ocr_carea' id='block_1_3' title="bbox 460 3288 808 3300">
    <p class='ocr_par' dir='ltr' id='par_1_3' title="bbox 460 3288 808 3300">
     <span class='ocr_line' id='line_1_28' title="bbox 460 3288 808 3300; baseline 0.006 -3"><span class='ocrx_word' id='word_1_230' title='bbox 460 3288 808 3300; x_wconf 75' lang='lat'><strong>..—...—-----..</strong></span> 
     </span>
    </p>
   </div>
   <div class='ocr_carea' id='block_1_4' title="bbox 376 3502 912 3580">
    <p class='ocr_par' dir='ltr' id='par_1_4' title="bbox 376 3502 912 3580">
     <span class='ocr_line' id='line_1_29' title="bbox 376 3502 912 3580; baseline -0.002 -2"><span class='ocrx_word' id='word_1_231' title='bbox 376 3502 723 3580; x_wconf 88' lang='lat' dir='ltr'>EXCURSUS</span> <span class='ocrx_word' id='word_1_232' title='bbox 760 3502 912 3578; x_wconf 70' lang='lat' dir='ltr'>XIX-⁸</span> 
     </span>
    </p>
   </div>
   <div class='ocr_carea' id='block_1_5' title="bbox 215 3711 1091 3768">
    <p class='ocr_par' dir='ltr' id='par_1_5' title="bbox 215 3711 1091 3768">
     <span class='ocr_line' id='line_1_30' title="bbox 215 3711 1091 3768; baseline 0.006 -6"><span class='ocrx_word' id='word_1_233' title='bbox 215 3713 266 3762; x_wconf 85' lang='lat' dir='ltr'><strong>DE</strong></span> <span class='ocrx_word' id='word_1_234' title='bbox 282 3711 522 3767; x_wconf 78' lang='lat' dir='ltr'><strong>AMAZONIBUS</strong></span> <span class='ocrx_word' id='word_1_235' title='bbox 540 3714 729 3766; x_wconf 76' lang='lat' dir='ltr'><strong>Auxnuuut</strong></span> <span class='ocrx_word' id='word_1_236' title='bbox 746 3713 825 3765; x_wconf 77' lang='lat' dir='ltr'><strong>Iuro</strong></span> <span class='ocrx_word' id='word_1_237' title='bbox 843 3713 1091 3768; x_wconf 79' lang='lat' dir='ltr'>FERENTIBUS.</span> 
     </span>
    </p>
   </div>
   <div class='ocr_carea' id='block_1_6' title="bbox 96 3876 1209 4171">
    <p class='ocr_par' dir='ltr' id='par_1_6' title="bbox 96 3876 1209 4171">
     <span class='ocr_line' id='line_1_31' title="bbox 142 3876 1207 3965; baseline 0.008 -24"><span class='ocrx_word' id='word_1_238' title='bbox 142 3896 165 3956; x_wconf 83' lang='lat' dir='ltr'><strong>r,</strong></span> <span class='ocrx_word' id='word_1_239' title='bbox 187 3878 263 3944; x_wconf 87' lang='grc'><strong>494.</strong></span> <span class='ocrx_word' id='word_1_240' title='bbox 286 3876 415 3943; x_wconf 85' lang='lat' dir='ltr'><strong>‘Ducit</strong></span> <span class='ocrx_word' id='word_1_241' title='bbox 429 3877 671 3944; x_wconf 82' lang='lat' dir='ltr'><strong>Amazonidum</strong></span> <span class='ocrx_word' id='word_1_242' title='bbox 694 3881 818 3944; x_wconf 77' lang='lat' dir='ltr'><strong>lunatis</strong></span> <span class='ocrx_word' id='word_1_243' title='bbox 841 3881 975 3962; x_wconf 81' lang='lat' dir='ltr'><strong>agmina</strong></span> <span class='ocrx_word' id='word_1_244' title='bbox 999 3883 1102 3965; x_wconf 89' lang='lat' dir='ltr'><strong>peltis</strong></span> <span class='ocrx_word' id='word_1_245' title='bbox 1120 3884 1207 3950; x_wconf 87' lang='lat' dir='ltr'><strong>Pen-</strong></span> 
     </span>
     <span class='ocr_line' id='line_1_32' title="bbox 96 3977 1206 4064; baseline 0.009 -24"><span class='ocrx_word' id='word_1_246' title='bbox 96 3978 235 4042; x_wconf 80' lang='lat' dir='ltr'><strong>thesilea</strong></span> <span class='ocrx_word' id='word_1_247' title='bbox 248 3977 368 4053; x_wconf 79' lang='lat' dir='ltr'><strong>furens,</strong></span> <span class='ocrx_word' id='word_1_248' title='bbox 383 3979 567 4064; x_wconf 89' lang='lat' dir='ltr'><strong>mediisque</strong></span> <span class='ocrx_word' id='word_1_249' title='bbox 581 3981 614 4043; x_wconf 92' lang='lat' dir='ltr'><strong>in</strong></span> <span class='ocrx_word' id='word_1_250' title='bbox 637 3981 786 4044; x_wconf 87' lang='lat' dir='ltr'><strong>millibus</strong></span> <span class='ocrx_word' id='word_1_251' title='bbox 809 3982 912 4060; x_wconf 82' lang='lat' dir='ltr'><strong>ardet,</strong></span> <span class='ocrx_word' id='word_1_252' title='bbox 928 3981 1045 4048; x_wconf 80' lang='lat' dir='ltr'><strong>Aureo</strong></span> <span class='ocrx_word' id='word_1_253' title='bbox 1063 3984 1206 4050; x_wconf 80' lang='lat' dir='ltr'><strong>subnec-</strong></span> 
     </span>
     <span class='ocr_line' id='line_1_33' title="bbox 98 4079 1209 4171; baseline 0.013 -31"><span class='ocrx_word' id='word_1_254' title='bbox 98 4083 168 4140; x_wconf 86' lang='lat' dir='ltr'><strong>tens</strong></span> <span class='ocrx_word' id='word_1_255' title='bbox 183 4085 305 4144; x_wconf 81' lang='lat' dir='ltr'><strong>exertae</strong></span> <span class='ocrx_word' id='word_1_256' title='bbox 320 4079 450 4171; x_wconf 76' lang='lat' dir='ltr'><strong>cingula</strong></span> <span class='ocrx_word' id='word_1_257' title='bbox 462 4087 626 4158; x_wconf 62' lang='lat' dir='ltr'><strong>mmmm,</strong></span> <span class='ocrx_word' id='word_1_258' title='bbox 654 4082 827 4161; x_wconf 73' lang='lat' dir='ltr'><strong>Beuatrix‚</strong></span> <span class='ocrx_word' id='word_1_259' title='bbox 843 4084 1009 4168; x_wconf 82' lang='lat' dir='ltr'><strong>audetque</strong></span> <span class='ocrx_word' id='word_1_260' title='bbox 1026 4085 1111 4153; x_wconf 80' lang='lat' dir='ltr'><strong>viris</strong></span> <span class='ocrx_word' id='word_1_261' title='bbox 1127 4105 1209 4162; x_wconf 78' lang='lat' dir='ltr'><strong>con·</strong></span> 
     </span>
    </p>
   </div>
   <div class='ocr_carea' id='block_1_7' title="bbox 0 0 1356 4686">
    <p class='ocr_par' dir='ltr' id='par_1_7' title="bbox 0 0 1356 4686">
     <span class='ocr_line' id='line_1_34' title="bbox 0 0 1356 4686; baseline 0 0"><span class='ocrx_word' id='word_1_262' title='bbox 0 0 1356 4686; x_wconf 95' lang='lat' dir='ltr'><strong> </strong></span> 
     </span>
    </p>
   </div>
  </div>
 </body>
</html>
