2664 4686
314 326 365 375 aa
387 325 561 377 nanrnos
583 328 656 375 ura.
681 329 732 375 vr.
981 310 1072 377 tm

92 487 164 534 ron.
176 488 208 533 c.
221 469 277 535 67.
291 488 323 533 v.
344 470 421 534 120.
466 469 648 533 Fatendum
662 476 782 548 tamen,
796 469 901 534 multo
915 470 1071 536 inferiora

92 588 124 635 :c
139 571 253 635 omnia
266 572 444 635 terroribus
455 569 595 647 Tartari,
610 589 708 653 quem
720 569 881 635 Miltonus
892 569 1071 655 descripsit

92 687 154 750 ιιι,
167 677 202 736 et
224 671 411 736 Teutonum
434 669 605 747 Miltonus,
623 671 805 736 Messiadis
827 671 987 750 conditor,
1009 673 1070 739 lib.

92 775 178 836 etate
203 777 314 836 autem
329 791 436 836 rerum
451 792 492 837 ac
514 774 627 856 specie
650 772 854 853 hauddubie
869 773 997 838 Dantcs
1011 774 1071 840 ad-

92 871 124 937 is
137 873 172 937 in
186 871 318 937 Inferna
329 892 404 948 suo,
420 872 517 938 Cant·
532 890 576 937 ιιι
593 893 668 957 sqq.
711 874 752 937 Iu
762 877 925 941 uestibulo
939 875 1070 943 Tartari

92 992 147 1038 aue
170 973 274 1039 sedet.
299 973 344 1038 V.
368 974 412 1037 ad
433 976 619 1041 573-579.
663 976 814 1060 Subjecit
834 977 908 1043 haec
934 977 1071 1043 Miltoni

92 1075 310 1158 ·praeclarum
325 1075 524 1159 phantasma
537 1077 580 1140 de
604 1077 801 1143 custodibus
816 1075 908 1156 Orci,
924 1077 1071 1145 Peccata

92 1181 139 1252 be,
153 1175 212 1240 lib.
223 1192 265 1255 ιι,
278 1177 344 1241 650
358 1198 433 1262 sqq.

92 1298 162 1343 rum
190 1279 281 1362 quod
308 1277 483 1344 Tartamm
496 1281 749 1364 »suppliciorum
781 1283 891 1347 locum
922 1282 1070 1366 prodidit

108 1377 174 1442 hoc
198 1379 419 1463 philosophis,
446 1381 597 1464 inprimis
623 1380 768 1461 Platoni,
794 1385 918 1449 debuit.
978 1384 1069 1450 Nam

92 1478 264 1547 {esiodum
285 1487 319 1545 et
341 1482 526 1547 Homerum
540 1484 699 1549 Tartarus
719 1490 770 1549 cst
781 1504 893 1550 carcer
911 1485 1070 1551 'titanum

92 1581 664 1667 hunnorumcumCyclopibus,qui
673 1582 833 1649 Uranidis
844 1591 1069 1651 accensentur.

92 1683 242 1766 liudpr.
287 1682 336 1748 At
357 1684 435 1749 loca
455 1686 571 1762 intera,
595 1683 726 1762 Hadcs,
749 1684 1071 1765 Erebus,continent

102 1782 235 1869 piorum
246 1791 280 1850 ct
290 1786 467 1870 impiorum
487 1787 693 1871 promiscue:
722 1793 760 1853 ut
782 1807 826 1852 cx
847 1788 979 1874 Necyia
992 1788 1068 1856 Ho-

92 1891 212 1951 rnstat:
244 1887 278 1949 iu
301 1906 368 1969 qua
380 1886 498 1951 iisdem
511 1887 595 1951 locis
608 1887 724 1954 herois
738 1890 898 1954 habentur
916 1894 950 1953 et
969 1890 1069 1956 simul

108 1987 241 2073 Tityus,
266 1987 440 2064 Tantalus,
466 1987 643 2071 Sisyphus,
665 1995 699 2054 ct
726 2008 803 2053 cum
827 1991 871 2053 iis
892 1990 1069 2058 Hercules.

92 2089 190 2171 magis
202 2091 320 2153 mirum
334 2089 370 2151 in
382 2088 517 2152 modum
528 2089 660 2153 miscuit
672 2109 725 2168 ea,
746 2111 823 2174 quae
842 2092 876 2155 in
898 2090 987 2155 Orco
1001 2093 1069 2157 col·
1198 2133 1206 2143 -

92 2196 144 2267 et,
156 2189 360 2274 Polygnotus
373 2190 406 2252 in
418 2189 533 2253 tabula
549 2189 712 2272 Delphica
732 2209 789 2274 ap.
810 2189 959 2255 Pausan.
972 2207 1013 2271 x,
1024 2190 1081 2259 28'

92 2290 158 2355 lem
178 2310 210 2354 v.
222 2310 253 2354 c.
274 2289 498 2374 Eurynomum
519 2288 664 2354 Genium
678 2296 891 2374 apposuerat,
904 2291 962 2374 qui
982 2311 1070 2359 mor·

92 2410 227 2457 :carnes
249 2392 293 2455 ad
315 2411 395 2456 ossa
415 2410 524 2473 usque
547 2390 733 2456 arroderet:
766 2397 803 2455 ut
823 2390 908 2457 adeo
929 2412 973 2458 ex
996 2395 1070 2480 ejus

92 2514 121 2559 re
140 2514 208 2558 non
231 2496 358 2559 umbrae
384 2493 442 2556 sed
465 2512 563 2557 came
576 2493 705 2558 vestitae
731 2493 850 2558 animae
873 2493 917 2556 ad
938 2493 1069 2562 inferos

92 2597 210 2661 darent.
256 2596 366 2658 Etiam
387 2594 519 2658 Ocnum
540 2615 616 2659 cum
631 2596 725 2658 asino
738 2596 793 2659 illc
808 2596 926 2659 iisdem
939 2597 974 2659 iu
985 2597 1070 2661 locis

92 2702 127 2761 rt.
170 2696 256 2761 Tam
267 2717 386 2781 parurn
400 2698 579 2761 subtilioris
594 2693 714 2779 judicii
733 2698 935 2780 antiquiores
952 2698 988 2761 in
1008 2697 1070 2763 fin-

99 2802 201 2864 rebus
220 2800 312 2863 hisce
332 2800 561 2877 adhibueramt,
583 2801 707 2882 quibus
720 2801 802 2863 satis
817 2806 898 2876 erat,
911 2800 1070 2866 monsbo-

92 2920 188 2964 rores
202 2901 378 2964 cumulare.
424 2901 556 2965 Miraris
577 2903 688 2983 ipsum
711 2900 899 2977 Horatium,
916 2902 974 2964 ubi
994 2902 1072 2967 loca

92 3003 215 3066 >mnino
226 3001 425 3066 nominanda
441 3006 543 3077 erant,
556 3001 685 3084 adquae
699 3002 852 3063 omnibus
865 3002 1070 3082 migrandum

92 3122 223 3167 :morare
237 3102 412 3186 Cocytum,
430 3101 612 3177 Danaides,
628 3099 819 3183 Sisyphum,
831 3106 864 3163 et
877 3101 979 3182 paulo
994 3107 1070 3166 ante

92 3224 155 3268 lem
167 3225 243 3269 cum
255 3205 376 3288 Tityo:
409 3204 520 3267 Carra.
539 3203 645 3278 11,14.
659 3202 847 3283 inquorum
867 3203 1071 3267 consortium

92 3326 190 3371 nemo
211 3313 313 3389 optet.
368 3305 402 3369 N
404 3325 467 3369 unc
487 3306 617 3369 diversa
635 3305 711 3368 loca
726 3303 876 3367 videmus
898 3323 973 3367 essc
993 3302 1071 3389 de·

92 3407 297 3473 tTartarum.
341 3408 455 3473 Etiam
468 3409 502 3471 in
524 3408 681 3471 scelerum
704 3424 841 3469 recensu
856 3406 1007 3471 disertior
1019 3412 1072 3473 cst

98 3527 200 3590 quam
221 3510 444 3592 antiquiores:
475 3528 542 3591 qua
563 3508 656 3582 dere
677 3507 745 3572 vid.
770 3506 852 3572 Not.
868 3504 910 3572 ad
928 3525 978 3584 vr,
993 3508 1070 3575 608.
1106 3542 1109 3551 ·

92 3629 127 3687 o,
154 3629 223 3692 qno
247 3611 354 3691 magis
376 3608 516 3692 expoliti
539 3608 752 3690 philosophia
783 3606 873 3672 fuere
898 3610 1008 3687 animi,
1030 3629 1071 3674 eo

102 3710 311 3794 dispescuerc
330 3717 462 3775 narrata
473 3711 514 3772 de
528 3709 627 3771 rebus
647 3706 770 3770 inferia.
810 3702 1073 3774 ‘Accommndari

92 3830 140 3876 aec
152 3813 259 3874 solent
268 3831 308 3874 ac
320 3812 438 3874 debent
447 3811 659 3893 populorum,
671 3813 817 3886 aetatum,
827 3817 862 3874 et
871 3810 1072 3890 singulorum

92 3936 138 3979 rm
152 3916 305 3997 ingeniis.

106 4015 151 4080 ad
166 4013 316 4079 Plutonis
330 4013 447 4098 regium
467 4019 658 4098 perventum
677 4018 738 4077 est.
794 4012 966 4095 Sapienter
986 4012 1072 4079 hanc

92 4116 337 4203 :praetermisit
361 4115 473 4198 polita,
496 4134 557 4181 nec
578 4115 613 4179 in
635 4113 727 4199 illam
748 4114 819 4180 sive
839 4117 977 4179 ornams
998 4114 1071 4179 sive
