2664 4686
111 278 198 345 laon
445 319 450 330 ·
535 291 738 345 excursus
760 294 796 342 v.

112 439 253 505 conditor
266 440 415 522 etlegum
429 431 722 522 vitaeque'mitioris
735 443 850 506 auctor
861 457 988 523 rexque
1003 437 1094 504 latii
1105 443 1197 504 retur-²

13 580 21 591 ι
112 545 276 631 tissimus;
291 543 345 606 ‘uti
369 542 478 606 rubus
500 540 598 605 facile
617 544 667 604 est
679 540 834 625 populus,
857 538 914 623 qui
928 558 996 604 non
1011 540 1103 604 idem
1127 558 1200 624 ayn*

112 645 223 709 bolica
236 646 367 709 nomina
388 664 450 728 pro
474 645 585 727 stirpis
609 662 680 708 suae
696 642 884 707 auctoribus
907 641 1075 705 babuerit.
1119 641 1202 706 Diffi-¹

113 746 265 809 cultatem
280 765 320 810 ac
348 746 534 810 molestiam
553 744 631 807 iecit
654 764 732 808 mox
754 743 971 826 scriptoribus
986 738 1203 826 hancque!

109 853 145 937 pt
159 849 269 930 ipsum
283 848 423 912 mitioris
437 848 516 912 vitae
528 847 613 911 inter
622 852 749 911 veteres
758 845 863 910 Italos
878 850 1054 909 auctorem
1061 845 1201 919 badim
1241 902 1243 929 ,

112 948 279 1012 videbant.

156 1047 217 1113 Est
240 1046 347 1112 Jonas
366 1052 420 1115 hic
446 1053 575 1133 etipse
603 1052 685 1115 inter
708 1050 837 1133 mythos
862 1049 1003 1113 latinos
1029 1042 1204 1114 referendus·

113 1148 270 1233 Deosque
277 1171 397 1216 eorum
411 1152 619 1216 domesticus.
647 1150 773 1215 ‚‘Nam
788 1151 849 1213 tibi
863 1169 924 1233 par
939 1150 1071 1214 nullum
1084 1150 1205 1215 Graecir

112 1249 231 1313 numen
256 1251 376 1328 habet,’
398 1252 445 1315 ait
473 1251 573 1316 Ovid.
597 1269 609 1314 1
632 1251 724 1314 Fast.
748 1252 894 1330 9031100
918 1250 1052 1328 dubito,
1076 1242 1149 1313 eum
1167 1249 1203 1313 ab

110 1349 206 1414 initio
219 1351 299 1415 nihil
313 1351 402 1416 aliud
413 1371 513 1434 quam
529 1353 625 1416 almae
636 1357 771 1427 naturae,
781 1351 990 1434 exculmque
999 1353 1075 1436 ejus
1084 1351 1203 1416 dotibus

111 1453 204 1529 vitae,
235 1453 419 1536 symbolum
434 1452 569 1536 aliquod
590 1451 705 1515 fuisse.
749 1452 866 1535 Itaque
890 1452 925 1514 in
940 1452 1133 1517 Saliaribus
1144 1471 1202 1516 car·

111 1556 253 1619 minibus
270 1559 288 1639 .‘
299 1553 446 1619 Deorum
461 1553 565 1619 Dens’
588 1553 744 1618 audiebat
764 1551 936 1637 (Macrob.
955 1570 981 1630 1,
996 1551 1037 1635 9)
1060 1559 1201 1637 tanquan

111 1657 309 1739 principium
345 1677 453 1720 rerum
488 1657 638 1739 adeoque
675 1657 774 1719 etiam
806 1655 963 1719 Deorum.
1009 1653 1202 1719 'l'rarluotun

110 1760 228 1838 postea
241 1758 426 1839 symbolum
441 1759 485 1822 ad
503 1760 572 1821 alia
585 1763 741 1838 cognata,
757 1762 792 1820 ut
806 1755 991 1838 designaret
1002 1756 1153 1820 omnium
1163 1773 1203 1818 re

111 1873 183 1916 rum
208 1855 304 1918 initia
327 1862 359 1919 et
386 1859 537 1938 origines,
553 1877 634 1921 mox
658 1877 764 1921 rerum
778 1858 879 1934 vices,
908 1862 1071 1939 tempora,
1096 1874 1204 1920 annun

110 1955 251 2040 ejusque
263 1958 418 2022 vertentis
432 1978 469 2021 se
483 1972 578 2022 'nove
600 1958 750 2036 exordia,
765 1958 877 2021 mnndi
900 1977 1036 2040 quoque
1050 1978 1115 2022 seu
1138 1957 1205 2023 coeli

46 2077 47 2082 ¹
110 2062 217 2121 ortum
236 2064 270 2122 et
283 2077 452 2137 occasum,
464 2066 498 2124 et
512 2060 561 2124 sic
574 2078 689 2143 porro:
711 2061 758 2123 ita
770 2061 866 2137 enirn,
878 2065 916 2122 ut
937 2059 971 2121 in
984 2061 1102 2123 varios
1117 2060 1206 2143 signi·

110 2159 230 2224 ficabrs
245 2160 397 2244 symbola
419 2162 693 2244 detorquerentur‚
707 2162 782 2244 ipsa
807 2180 857 2224 res
882 2179 922 2224 ac
937 2162 1124 2225 necessitas
1137 2161 1206 2226 lere·

11 2310 14 2315 .
110 2259 179 2323 bat.
223 2260 278 2325 Ita
300 2263 411 2344 ipsum
434 2264 645 2342 complexum
666 2261 810 2322 siderum
835 2266 869 2322 et
882 2261 1207 2344 coelum‘dcsignusse

110 2359 271 2424 dicendus
300 2361 484 2424 secundum
510 2358 690 2423 Messalam
713 2359 803 2442 apud
826 2358 980 2424 Macrob.
1004 2361 1029 2424 l.
1045 2382 1091 2438 c.,
1107 2364 1206 2446 ipsun

109 2460 210 2525 cbaos
225 2467 257 2525 et
271 2482 315 2525 ox
325 2481 366 2526 co
389 2466 460 2525 orta
474 2480 579 2524 rerum
591 2462 695 2525 facies
710 2461 799 2543 apud
814 2461 971 2525 Ovidium
985 2462 1020 2524 in
1030 2461 1125 2529 Fast.
1141 2482 1206 2547 ipra

111 2561 215 2626 Plura
229 2563 307 2638 alia,
323 2565 424 2626 otiam
432 2563 605 2626 multarum
617 2583 723 2625 rerum
734 2563 875 2640 inventa,
890 2563 933 2625 ad
942 2561 1068 2627 Janum
1078 2565 1206 2628 retulere

109 2663 249 2725 seriores
261 2681 327 2725 non
340 2663 439 2725 modo
454 2661 671 2727 Grammatici
686 2664 745 2727 sod
760 2668 793 2727 ot
818 2665 993 2747 scriptores
1009 2664 1167 2742 Romani,
1176 2668 1208 2728 ut

108 2781 152 2825 ex
168 2759 282 2824 Ovidii
304 2761 395 2825 Fast.
410 2763 469 2825 lib.
487 2780 498 2825 1
523 2764 658 2847 intelligi
673 2770 794 2847 potest,
809 2766 929 2848 partim
942 2785 1051 2830 rerum
1065 2766 1207 2830 similitu·

108 2860 184 2924 dine
198 2860 319 2943 partim
344 2861 485 2925 nominis
500 2864 622 2945 origine
642 2867 685 2929 ab
710 2864 808 2929 eundo
830 2867 972 2949 repetita
998 2865 1138 2931 inducti.
1160 2863 1212 2930 Οἱ.

110 2960 262 3028 Macrob.
279 2962 348 3027 Sat.
367 2980 392 3039 1,
406 2964 439 3028 9.
457 2964 550 3028 Serv.
565 2963 608 3027 ad
624 2966 702 3029 AEn.
722 2981 787 3042 vn,
802 2966 867 3030 610
883 2969 916 3027 et
929 2965 973 3028 al.
1020 2962 1123 3043 Quod
1136 2965 1207 3030 belli

108 3066 270 3150 pacisque
292 3065 473 3129 habebatur
488 3066 617 3143 arbiter,
629 3070 740 3129 >ortum
766 3065 848 3128 sorte
861 3084 927 3128 non
941 3062 1074 3128 alirinde
1088 3065 1207 3143 inbuit

108 3186 210 3251 quam
225 3166 317 3250 quod
333 3168 405 3251 ejus
419 3168 535 3247 religio
549 3174 618 3230 erat
632 3165 883 3250 antiquissima:
906 3164 993 3229 unde
1017 3166 1209 3243 invaluerat,

107 3271 145 3330 ut
167 3267 254 3330 bello
279 3265 403 3329 indicto
431 3267 588 3347 templum
617 3268 689 3352 ejus
717 3265 760 3330 ad
786 3266 1049 3350 supplicationes
1078 3273 1210 3351 pateret

109 3365 352 3448 Distinguenda
382 3366 486 3429 abiis
511 3367 577 3429 alia
591 3386 612 3430 a
626 3367 804 3431 serioribus
819 3367 944 3447 ascita3
967 3373 1004 3430 ut
1028 3367 1208 3451 prudentio

109 3465 222 3550 opinio
234 3486 256 3530 a
267 3466 395 3548 duplici
412 3465 518 3546 facie3
539 3487 598 3531 nec
613 3488 674 3552 pro
696 3467 811 3531 mundi
826 3469 936 3531 anima
948 3465 972 3531 J
974 3487 1074 3532 anum
1089 3469 1210 3534 dictum

108 3587 183 3632 esse
206 3568 342 3650 antiqua
361 3569 541 3633 auctoritas
562 3569 678 3648 firmat,
700 3575 758 3633 aut
778 3570 863 3633 inter
877 3569 987 3633 sidera
999 3568 1081 3633 Jani
1096 3588 1211 3634 numen

108 3675 224 3747 ortum,
240 3670 287 3732 ita
299 3673 338 3733 ut
347 3670 501 3735 navicula
515 3671 595 3736 inter
610 3672 740 3737 Booten
754 3675 786 3733 et
795 3669 965 3752 Virginem
975 3671 1019 3734 ab
1027 3671 1132 3736 'initio
1146 3672 1210 3736 dic·

108 3776 163 3837 tus
182 3776 216 3835 et
228 3769 362 3834 babitus
386 3769 494 3836 Janus
509 3778 618 3836 esset:
641 3792 717 3856 quoe
737 3790 843 3855 nuper
856 3772 918 3835 suit
930 3772 1104 3853 ingeniosa
1130 3791 1165 3835 v.
1180 3771 1211 3836 c'.

110 3872 246 3956 Dupuis
260 3872 393 3956 opinio:
417 3871 553 3937 Critolai
566 3874 651 3937 enim
665 3871 750 3935 fides
763 3872 853 3935 nulla
874 3877 935 3950 est,
948 3871 1171 3939 Grammatici
1182 3872 1213 3936 in

107 3974 331 4057 phaenomena
359 3970 457 4037 Arati
470 3974 622 4051 ludentis,
638 3973 673 4037 in
696 3973 782 4037 libro
793 3973 1012 4059 supposititio
1028 3973 1212 4051 Plutarchi,

109 4071 234 4141 Parall.
246 4096 281 4158 p.
296 4076 373 4142 307.
387 4073 463 4140 308.
