2664 4686
580 337 763 388 vmclmrae

1010 298 1210 393 ’4611

111 476 244 560 Quique
267 476 459 563 Latinorum
479 478 639 538 memorat
659 462 730 537 seru
750 472 840 536 belle
862 472 1090 557 Phrygasque,
1209 553 1215 561 ι
1291 506 1298 531 r

154 576 224 642 Hic
239 578 357 658 cubnt3
379 578 433 641 hic
445 576 563 639 meruit
576 579 769 658 perpetuum
784 575 941 657 requiem.

498 736 737 808 JULIANUS
760 741 826 808 vl.

109 861 178 939 Qui
194 863 351 944 pastorali
367 863 554 944 peragravit
570 860 717 926 Maennln
731 859 843 937 Musa,

155 963 323 1047 Ruraque,
337 969 370 1027 et
384 964 503 1028 AEneae
519 964 663 1027 concinit
678 982 770 1026 arma
786 961 895 1039 Maro,

109 1064 184 1140 llle,
209 1063 324 1128 decem
349 1064 462 1128 lustris
485 1065 632 1146 geminus
656 1069 833 1146 postquem
855 1062 984 1128 addidit
1004 1072 1090 1126 anno

153 1165 326 1230 Concussit
339 1165 435 1229 satis:
458 1170 491 1229 et
505 1167 586 1230 situs
600 1165 664 1229 hoc
679 1166 803 1228 tumulo
815 1171 877 1230 est.

493 1312 719 1378 HILASIUS
747 1312 832 1377 Vll.

113 1432 202 1497 Haec
210 1432 270 1495 tibi
283 1422 445 1514 Virgilius
456 1423 575 1497 domus
590 1439 641 1498 est
654 1438 778 1497 aeterna
791 1432 933 1516 sepulto,

154 1533 223 1611 Qui
236 1535 351 1599 mortis
365 1536 514 1599 tenebras
529 1535 646 1616 effugis
661 1520 803 1616 ingenio.

111 1637 309 1703 Maenali'um
321 1654 454 1701 carmen
467 1638 524 1720 qui
539 1635 667 1719 proscrs
678 1655 733 1700 ore
749 1636 881 1713 Latino,

155 1732 198 1802 Et
211 1740 316 1802 cultus
331 1744 489 1820 segetum,
503 1738 656 1820 bellaque
671 1755 765 1801 saeva
784 1734 915 1801 ducum.

463 1900 735 1967 PALLADIUS
759 1899 866 1966 VIII.

111 2037 241 2102 Primus
251 2057 313 2121 ego
324 2038 476 2104 Ausonio
489 2049 658 2122 pastorum
669 2038 818 2102 carmina
831 2040 929 2111 versu

155 2138 352 2222 Composui‚
368 2148 482 2224 etque
497 2142 565 2204 siut
577 2158 652 2203 rure
667 2137 806 2202 colenda
818 2136 951 2229 mod03¹

112 2243 207 2318 Post,
222 2242 343 2325 quibus
358 2242 484 2306 AEnens
496 2240 641 2326 Rutulos
657 2240 860 2322 superaverit
872 2237 986 2315 armis·

155 2340 255 2405 Vatis
270 2341 422 2424 reliquias
437 2343 508 2407 haec
523 2341 581 2423 piu
594 2346 680 2407 terra
694 2339 795 2404 fovet.

447 2490 799 2572 ASCLEPIADIUS
823 2489 894 2570 lx.

113 2635 269 2704 Sicanius
288 2645 384 2706 vetes
405 2642 522 2727 sylvis,
539 2640 697 2706 Ascraeus
712 2641 746 2704 in
769 2639 869 2716 arvis,

161 2740 330 2807 Maeonius
351 2743 448 2808 bellis
462 2743 538 2826 ipse
551 2741 652 2826 poeta
667 2740 726 2805 fui.

114 2839 256 2906 Mantua
280 2862 316 2906 se
341 2844 411 2907 vitu
435 2843 587 2926 praeclnri
606 2843 715 2926 jactat
737 2842 869 2906 alumni.

158 2943 367 3028 Parthenope
389 2944 514 3008 famam
538 2951 642 3008 morte
666 2941 814 3006 Maronis
842 2943 948 3006 habet

471 3100 779 3175 EUSTHENIUS
807 3096 857 3171 X.

117 3241 282 3327 Quisquis
305 3263 352 3321 es,
375 3245 514 3309 extremi
533 3244 664 3308 titulum
687 3243 757 3324 lege
783 3244 950 3321 carminis,
973 3243 1105 3328 hospes.

163 3345 240 3409 Huc
256 3365 316 3428 ego
332 3345 494 3428 Virgilius
505 3363 578 3407 sum
592 3343 774 3407 tumulatus
783 3342 904 3423 hum0;

118 3444 187 3524 Qui
201 3447 368 3528 pecudum
383 3448 518 3530 pariter,
534 3446 593 3529 qui
608 3445 732 3509 cultum
746 3444 865 3509 fertilis
879 3448 962 3529 agri,

162 3545 248 3611 Mox
264 3545 480 3614 Anchisiade
493 3546 584 3611 bella
599 3546 694 3610 ducis
709 3546 824 3611 cecini.
947 3606 949 3610 ,

337 3678 348 3691 ”
464 3711 781 3777 corrueremus
807 3711 878 3777 xr.

117 3842 262 3927 Virgilio
287 3846 367 3909 mihi
389 3863 510 3909 nomen
531 3849 611 3921 erat,
631 3864 731 3927 quem
757 3843 899 3909 Muntun
921 3844 1004 3911 felix

164 3945 289 4009 Edidit.
336 3946 406 4009 Hic
424 3947 551 4009 cineres
564 3946 651 4011 vatis
661 3951 695 4010 et
708 3964 787 4009 ossa
794 3945 920 4029 jacent.

119 4044 226 4130 Cujus
242 4047 276 4109 in
291 4053 449 4111 aeternum
464 4048 614 4129 pastoria
627 4046 739 4110 fistule
752 4046 864 4127 vivet3

161 4147 319 4227 Rustica,
330 4168 411 4215 mox
424 4147 541 4217 ecdem
556 4147 691 4227 Martia,
704 4147 868 4234 Calliope.
