2664 4686
451 311 502 360 sn
525 308 698 360 sturnos
746 308 819 359 arn.
845 309 870 358 r.
1125 290 1212 361 ΜΒ

107 441 411 541 igituriueamaris
423 444 1214 543 partc,circaArassauAEfgimuriiusulus,loca

107 576 249 624 arenosa
264 556 467 641 credendum
490 561 552 634 est,
578 556 613 620 iu
635 573 710 639 qum
733 574 813 638 pars
834 553 969 621 uarium
994 552 1212 639 'l'rojanarura

104 658 237 725 incidit
366 672 368 677 '

502 908 786 926 m

424 1142 516 1219 EX
530 1142 565 1217 C
579 1144 615 1219 U
631 1142 710 1220 RS
723 1140 760 1217 U
773 1142 802 1218 S
841 1141 892 1215 V.

155 1318 350 1377 murmuris
367 1320 551 1373 ensvrrnn
568 1320 769 1374 corrueres
786 1320 959 1375 remmon
974 1318 1164 1374 pulcinos

152 1496 180 1559 r,
204 1479 391 1547 ize-lau.
414 1480 565 1545 ‘Interea
585 1462 712 1562 magno⁴
731 1479 865 1544 misceri
887 1497 1052 1544 murmure
1075 1483 1212 1562 pontum

106 1579 346 1666 Fmimmque
378 1582 531 1666 hyemem
558 1583 663 1647 sensit
693 1580 885 1664 Neptunus,
921 1586 954 1645 et
985 1581 1060 1644 imis
1089 1579 1214 1664 Stagna

104 1681 222 1748 niusa
258 1683 384 1748 vadis:
432 1683 574 1770 gramm
608 1692 771 1747 commotus
808 1689 842 1748 et
890 1684 959 1748 alto
998 1681 1213 1767 hospicium

102 1802 241 1849 summa
264 1780 425 1869 placidum
452 1793 544 1869 caput
569 1776 691 1850 extulit
712 1783 824 1849 unda'
868 1784 939 1849 Hic
959 1783 1103 1871 grauiter
1131 1802 1214 1847 com·

105 1893 220 1962 mus,
242 1885 306 1964 ira,
333 1890 369 1950 et
394 1892 487 1969 caput
508 1880 671 1969 placidum
700 1885 821 1950 habere
843 1885 998 1977 tridentin
1021 1886 1130 1971 primo
1153 1884 1213 1951 ob·

103 1991 192 2065 tutu,
214 1987 305 2073 quod
330 1988 393 2053 sibi
416 1993 583 2072 repugnet.
628 1986 851 2052 observarunt
870 1989 942 2072 jum
964 1987 1033 2065 elii,
1056 1991 1089 2050 et
1109 2004 1215 2072 nuper

108 2085 163 2152 111.
189 2087 336 2153 Homine
357 2090 391 2152 in
413 2087 571 2152 Element
591 2087 706 2152 critic.
750 2087 827 2153 Nec
854 2095 964 2153 tamen
985 2088 1118 2154 defuere
1141 2089 1215 2174 jam
1257 2106 1262 2113 ·

103 2187 199 2252 olim'
217 2191 277 2272 qui
304 2188 524 2254 defenderent.
577 2188 644 2252 Scd
668 2187 969 2252 Grammaticorum
991 2194 1141 2252 veterum
1167 2184 1215 2253 le'-

109 2288 253 2353 vissirna
279 2294 330 2353 cst
361 2290 459 2367 ratio,
489 2294 527 2354 ut
563 2288 703 2352 alterum
740 2287 784 2351 ad
814 2288 959 2364 AEolum,
998 2286 1135 2350 alterum
1163 2306 1215 2353 re-

109 2396 229 2473 spectu
249 2391 380 2469 AEnere,
404 2390 528 2455 dictum
551 2390 605 2453 sit.
648 2386 823 2452 Artificum
837 2392 959 2464 eutem,
974 2387 1099 2470 quibus
1113 2389 1215 2455 animi

108 2495 223 2554 motus
233 2489 270 2555 in
285 2491 433 2556 Deorum
446 2509 502 2554 ore
516 2491 566 2553 ita
581 2493 658 2553 sunt
671 2487 887 2570 exprimendi,
900 2507 942 2552 ne
956 2488 1093 2572 placida
1106 2491 1215 2555 numi·

108 2591 164 2654 nis
181 2591 345 2674 majestas
365 2590 440 2656 inde
458 2591 635 2667 minuatur,
657 2589 814 2673 exemplo
837 2595 871 2655 et
889 2591 1027 2668 ratione,
1049 2590 1094 2654 ed
1114 2610 1216 2675 quarn

109 2689 276 2775 Spencius
293 2697 462 2776 p'mvocat,
485 2693 567 2755 tueri
592 2690 727 2775 po'e'tnm
748 2691 861 2755 nolim.
906 2691 997 2756 Num
1015 2693 1150 2758 diversa
1162 2698 1216 2760 est

108 2792 145 2855 in
165 2793 221 2856 his
248 2792 397 2877 politices
418 2801 451 2857 et
478 2793 636 2875 plastices
656 2793 742 2856 ratio
765 2800 865 2878 atquc
888 2794 1027 2861 indoles.
1083 2796 1215 2861 Plastes

109 2895 197 2958 enirn
212 2893 268 2958 vel
282 2894 388 2976 pictor
401 2894 483 2957 iram
497 2895 597 2957 etiam
618 2892 745 2977 placidi
760 2896 871 2959 vultus
884 2899 1067 2981 exprimere
1083 2901 1216 2982 potest3

108 2998 144 3058 et
164 2995 201 3058 in
223 2992 374 3076 Neptuni
397 3013 453 3058 ore
473 2996 556 3058 iram
576 2996 624 3058 ita
644 2995 734 3077 pingi
757 3015 869 3077 posse,
898 3001 936 3058 ut
960 2998 1083 3079 placidi
1105 2998 1215 3061 vultus

110 3095 255 3178 vestigia
275 3113 341 3160 non
361 3096 460 3160 modo
481 3101 646 3173 maneant,
662 3115 776 3159 verum
798 3097 898 3160 etiam
912 3099 1024 3182 ipsam
1038 3099 1117 3161 iram
1133 3103 1216 3162 tem·

112 3201 230 3280 pererit
241 3203 277 3262 et
289 3198 452 3281 mitigent,
464 3216 562 3261 nemo
578 3196 718 3262 dubitat.
762 3196 887 3261 Verum
910 3197 1024 3280 polite,
1047 3219 1122 3263 cum
1139 3220 1216 3285 gru-

111 3295 192 3360 m'ter
218 3309 400 3363 commotum
424 3306 457 3365 et
480 3297 640 3384 placidum
661 3298 831 3380 sigillatim
855 3319 954 3364 unum
977 3307 1057 3385 post
1079 3302 1219 3366 alamm-

112 3402 220 3485 ponit,
234 3400 378 3468 diversis
392 3403 493 3466 animi
515 3422 649 3466 sensum
671 3421 712 3466 ac
736 3402 970 3466 contrariarum
983 3422 1089 3467 rerum
1103 3404 1217 3487 imagi·

110 3503 212 3566 nibus
232 3503 385 3585 impellit,
415 3503 564 3586 adeoque
585 3504 730 3593 altemm
758 3503 861 3566 altero
892 3504 1049 3569 subeunte
1074 3504 1217 3590 jugulat.

114 3592 267 3682 Dixeris,
294 3624 376 3666 nune
401 3622 474 3668 esse
504 3602 674 3688 placidum,
704 3624 780 3668 cum
810 3611 909 3669 antea
931 3604 1050 3670 fuisset
1075 3604 1217 3693 graviter

114 3713 294 3770 commotus.
344 3704 449 3790 Atqui
472 3707 555 3772 nihil
582 3708 692 3772 evenit
719 3708 809 3783 novi,
839 3725 906 3792 quo
935 3708 1096 3791 placatior
1123 3707 1217 3773 reddi

113 3808 278 3889 potuerit:
300 3806 430 3870 viderat
442 3827 532 3872 mare
545 3811 731 3888 turbatum3
752 3809 915 3892 prospicit
935 3814 970 3873 et
985 3810 1075 3874 videt
1097 3808 1217 3892 disjec-

115 3912 183 3970 tam
197 3906 318 3971 AEneae
332 3907 491 3972 classem:
517 3908 597 3991 quid
612 3910 645 3972 in
657 3908 721 3972 hoc
743 3915 823 3987 erat,
849 3928 915 3994 quo
937 3911 1113 3975 exhilarari
1137 3927 1217 3991 pos·

113 4010 193 4073 cett
238 4007 414 4073 Meliorem
426 4010 583 4075 rationem
598 4030 639 4075 ac
653 4011 744 4076 viam
758 4010 954 4076 defendendi
967 4009 1078 4095 politae
1094 4029 1217 4097 suppe-
1233 4076 1238 4084 ,

112 4107 246 4177 ditabat
259 4110 473 4191 Brundesius,
488 4110 552 4178 Vir
565 4131 726 4192 summus,
746 4113 866 4180 artium
879 4113 1120 4195 litterarumque
1132 4112 1216 4198 poli·
