2664 4686
431 344 483 393 ιι)
506 342 680 393 ιιιιιιιιιοι
703 344 777 393 ιιι.
803 345 844 394 ιι.
1104 329 1193 397 solt)

92 504 249 557 omnum·
293 486 442 555 Habitus
468 492 503 553 et
523 487 621 570 bujus
646 504 760 569 parvae
786 485 906 551 Iliadis
926 491 1041 553 auctor
1064 488 1145 555 olim
1170 508 1192 553 a

92 588 253 657 munullis
266 586 445 665 Homerus,
467 592 505 653 ut
518 606 562 651 ex
576 591 711 651 auctore
727 586 769 651 de
782 588 855 652 rita
869 587 1023 666 Homeri,
1046 590 1105 673 qni
1118 590 1192 655 vul·

92 708 128 775 go
140 688 340 759 Herodotus
352 688 465 768 fertur,
485 693 589 773 patet,
612 707 645 753 c.
669 688 723 767 16,
744 689 804 753 ubi
827 693 863 753 et
875 688 974 772 primi
987 689 1057 755 duo
1077 708 1193 757 versus

92 798 271 859 mnudi·
322 786 486 877 Διιτριβιιι
510 789 540 851 di
564 790 646 874 repsi
668 791 713 873 τῷ
739 787 891 876 Omoqiip
915 791 988 854 russi
1009 790 1122 855 Ἰλιάδα
1143 793 1192 869 τὴν

92 891 205 957 rasus
217 891 283 980 (ita
300 892 357 959 bio
373 892 572 976 appellatur,
595 911 657 956 uec
672 891 858 957 audiendus
872 892 1016 959 Salmas.
1031 894 1150 977 Polyb.
1164 912 1188 977 p

92 994 153 1067 m
175 1014 242 1077 sq,
264 996 321 1078 qui
344 992 472 1079 Cypria
497 995 644 1059 carmina
667 999 702 1059 et
724 991 834 1057 ‘rusa
856 992 968 1057 ἐλάττω
991 1014 1095 1059 unum
1118 1014 1193 1061 esse

92 1096 178 1165 uulio
190 1101 383 1178 argumento
407 1096 603 1174 contendit),
625 1094 656 1171 ἧς
671 1101 686 1171 ἡ
700 1097 797 1182 dmi:
812 1097 901 1159 Ἴλιον
913 1094 996 1159 ἀείδω
1011 1095 1060 1158 καὶ
1076 1096 1191 1181 Aspis·

92 1192 141 1274 viss
160 1190 293 1273 Mo,
307 1191 368 1270 '115
380 1194 442 1281 ripa
455 1198 554 1259 πολλοὶ
574 1194 657 1259 ruitur
671 1196 778 1259 Δαναοὶ
794 1196 956 1283 inguinem
967 1202 1081 1283 Ἀρηος.
1126 1198 1193 1262 Fa·

92 1298 225 1377 bricius,
256 1298 364 1382 quil.
393 1299 416 1362 l.
442 1300 507 1365 boo
537 1298 627 1363 idem
655 1300 799 1382 repetiit,
832 1305 942 1366 tamen
960 1320 1041 1365 mox
1063 1300 1193 1367 initium

92 1398 256 1483 poematis
284 1399 427 1465 Iesohei
454 1406 580 1480 namet,
601 1400 692 1483 quod
716 1400 881 1466 Horatius
901 1401 1131 1486 perstrinxerit
1160 1421 1192 1466 u.

92 1500 154 1569 iffi
182 1500 394 1567 ‘Fortrmum
417 1500 545 1567 Priami
567 1503 711 1569 cantabo
734 1509 769 1567 et
790 1503 901 1568 nobile
923 1502 1069 1579 bellum,'
1090 1503 1193 1571 'Ailou

92 1602 232 1690 πρόμοι
245 1598 337 1689 τύχηι
349 1600 472 1683 stupis
493 1627 525 1665 rr
540 1601 675 1667 κλεινόν.
721 1604 789 1669 Sed
810 1606 841 1669 is
855 1623 971 1669 uersus
986 1622 1008 1666 a
1029 1598 1194 1671 salmasio

92 1702 262 1781 uuufiotus,
276 1710 312 1769 et
324 1722 387 1787 pro
402 1722 519 1787 parvm
538 1705 655 1771 Iliadis
669 1704 829 1771 Lesobeae
843 1705 953 1789 primo
967 1723 1067 1769 versu
1079 1704 1195 1769 vendi·

92 1808 142 1871 tus
155 1809 209 1867 est
232 1801 255 1866 1.
269 1822 301 1868 e.
327 1822 362 1885 p.
378 1802 442 1868 601
466 1822 503 1882 Α,
528 1806 657 1871 scilieet
670 1807 701 1870 is
728 1805 869 1871 Iliadem
893 1801 1011 1869 ιιᾶσσω
1029 1805 1193 1870 diversum

92 1903 132 1969 ub
147 1902 257 1969 Iliade
270 1922 387 1988 perra,
410 1912 444 1970 et
470 1907 612 1973 eundem
636 1928 712 1975 oum
736 1906 873 1992 Cypriis
898 1908 1099 1973 carminibus
1120 1925 1194 1971 esse

92 2003 233 2069 uolebat.
278 2005 359 2071 Sine
373 2010 520 2073 auctoris
534 2011 667 2075 nomine
686 2029 761 2075 eam
774 2010 910 2075 laudant
924 2008 1077 2073 Clemens
1094 2005 1195 2073 Alex.

92 2110 122 2171 et
133 2104 214 2171 Vet.
228 2106 341 2171 Sebol·
351 2107 521 2191 Euripidis
537 2128 592 2193 ap
609 2110 743 2177 Fabric.
760 2128 790 2175 ιι.
805 2109 866 2175 Gr.
881 2110 922 2173 T.
937 2126 963 2188 1,
977 2130 1014 2194 p.
1028 2109 1191 2186 :itm-280,

92 2212 121 2271 et
141 2204 290 2275 Pausan-
305 2224 348 2273 ιιι
373 2216 458 2275 extr.
475 2217 510 2277 et
536 2228 576 2288 x,
592 2213 647 2276 26.
692 2211 740 2277 At
755 2213 960 2275 communior
973 2212 1137 2275 sententia
1150 2211 1195 2277 ud

92 2305 324 2375 bonumeam
336 2311 463 2376 retulit:
487 2309 556 2374 uid.
573 2311 704 2375 Fabric.
716 2310 798 2375 ibid.
810 2330 889 2393 pag·
902 2311 969 2375 leo
1002 2311 1066 2375 etsi
1081 2310 1193 2394 Ryek.

92 2426 122 2492 p.
136 2408 217 2485 444,
239 2410 296 2492 qui
308 2430 343 2492 p.
365 2410 433 2477 lto
445 2416 560 2477 onuba
579 2428 655 2475 eam
670 2411 864 2475 sententiam
879 2409 1038 2492 disputat,
1062 2411 1123 2477 sed
1137 2430 1195 2477 cu·

92 2506 167 2591 pido
180 2508 290 2591 magis
311 2518 412 2593 quam
424 2511 565 2592 graviter
580 2529 621 2575 ao
637 2529 727 2575 vere.
771 2506 901 2574 Lercler
915 2507 965 2573 lie
991 2531 1016 2572 s.
1034 2506 1195 2589 Lercbeur,

92 2615 242 2704 alexius,
271 2618 465 2703 AEsobyleni
479 2638 508 2683 s.
525 2619 679 2703 AEschyli
692 2619 716 2682 f.
731 2618 886 2698 Lesbius,
911 2619 1039 2704 Pyrrha
1060 2620 1197 2685 civitate

92 2718 260 2795 oriundus,
282 2720 326 2783 ab
342 2718 465 2783 Euseb.
480 2719 620 2784 Hieron.
641 2718 685 2784 ad
712 2719 847 2805 Olymp.
875 2734 1011 2783 xxxru
1037 2738 1197 2785 memoru-

92 2812 814 2907 tur:‘Irescbes'I›esbius,quifeeitparvam
825 2820 1197 2898 Iliadem,'utinteran-

92 2921 299 3007 tiqrrissimos
312 2921 397 2987 adeo
409 2922 580 2987 habendus
594 2925 649 2988 sit.
694 2923 843 2986 Eundem
857 2925 891 2987 in
904 2923 1017 2987 multis
1033 2924 1200 3004 expressit

92 3029 208 3089 ructor
228 3023 371 3089 Tubulae
395 3023 524 3102 Iliacae,
548 3024 629 3089 olim
651 3027 685 3089 in
708 3025 833 3108 palatio
854 3025 959 3107 gentis
982 3024 1024 3086 de
1050 3023 1197 3107 Spagnu,

92 3144 178 3193 nuno
191 3129 230 3191 in
244 3122 415 3211 Capitolio
438 3132 590 3204 ιιιιιιιι,
613 3146 713 3210 quam
736 3145 758 3190 a
776 3125 933 3190 Fabretto
960 3124 1129 3207 vulgatam
1155 3128 1200 3190 ud

92 3230 222 3295 esloem
243 3228 415 3317 syntagm.
433 3227 475 3292 de
497 3226 661 3293 Columna
674 3226 814 3310 Trajani
834 3224 947 3290 videre
971 3224 1048 3289 licet
1070 3244 1106 3306 p.
1120 3224 1198 3290 315.

92 3346 247 3413 nuncque
271 3330 308 3393 in
331 3327 454 3394 Museo
474 3327 621 3412 Capitol.
651 3327 751 3390 Tom.
776 3343 825 3389 ιν.
852 3330 875 3391 t.
904 3324 960 3390 68.
1003 3322 1200 3409 Ascriptum

92 3448 228 3515 quoqne
244 3430 281 3495 in
294 3428 354 3495 illu
365 3435 435 3495 est:
456 3429 546 3503 Ἰλιὰς
560 3432 652 3515 μικραὶ
667 3424 803 3512 tumim
819 3430 897 3490 moi
911 3421 1030 3511 Δέιχην
1047 3429 1198 3513 Πυρῤαῐιν.

93 3526 377 3607 memorialem
391 3529 598 3614 Smyrnaeum
613 3530 754 3594 lescbis
769 3530 918 3610 uestigiis
928 3528 1089 3593 institisse
1095 3547 1201 3611 nuper

94 3631 211 3696 docuit
224 3632 268 3708 is,
290 3649 389 3714 quem
402 3650 503 3715 supra
513 3631 661 3709 laudavi,
683 3631 837 3715 Tycbseu
850 3637 962 3695 noster
975 3630 1011 3694 ιιι
1025 3627 1201 3694 Commen-

96 3736 155 3795 tat
171 3750 208 3814 p.
222 3731 268 3795 28
289 3750 343 3814 sq.

137 3829 219 3895 Jam
234 3828 356 3925 Cyprio
371 3831 521 3910 carmina,
543 3832 642 3896 modo
653 3838 846 3910 memorata,
868 3834 907 3894 τὰ
930 3831 1044 3919 Κύπρια
1065 3828 1126 3906 ἔπη,
1144 3828 1200 3911 vel

99 3932 137 3993 «ι
153 3930 279 4019 rapt,
302 3932 393 4016 apua
418 3930 557 3998 aristot.
580 3932 622 3997 ae
648 3932 746 3999 rost.
771 3954 802 3999 c.
824 3933 870 3999 ss
890 3910 1007 3997 vittas
1031 3949 1099 3995 una
1124 3946 1201 3993 cum

105 4050 205 4119 perus
225 4032 334 4101 Iliade
356 4034 503 4113 laudate,
526 4054 594 4119 quo
614 4035 691 4120 ipso
711 4036 921 4103 manifestum
942 4033 991 4110 tit,
1014 4032 1147 4097 diversa
1159 4048 1202 4097 eu
