2692 4974
440 344 496 395 ΑΒ
511 345 683 396 AENBlDOS
707 345 780 396 biit.
805 345 886 396 vill.
1126 335 1215 403 m

99 491 139 557 in
167 488 283 556 medio
306 488 455 576 clypeo),
476 492 594 557 artifex
617 492 736 558 Gallus
756 494 790 558 in
814 501 882 559 tres
905 512 1014 573 areas,
1036 480 1114 579 uuae
1129 514 1214 580 pug-

99 611 185 659 nern
195 594 232 658 in
247 593 334 657 mari
347 591 502 671 Actiaco,
517 594 639 676 fugam,
650 595 847 679 triumphum
856 594 1025 673 exhibent,
1036 595 1216 664 Brionnm

100 698 232 771 eutem
245 692 380 776 rejectis
402 693 488 757 loeis
510 693 623 758 inieris
649 696 684 758 in
697 697 912 761 novissimum
934 697 1016 760 inter
1031 713 1090 760 x11
1105 715 1213 778 oreas,

99 795 140 858 in
155 801 302 878 quotuor
315 796 463 879 regiones
477 795 607 861 divisit:
630 802 668 862 ut
689 799 801 882 prima,
809 799 853 861 sit
880 796 964 862 inite
975 817 1085 881 pugna
1098 816 1132 863 v.
1147 799 1218 867 676
1287 821 1295 831 ·

101 897 230 975 -688,
245 906 314 966 tum
334 916 447 982 pugna
459 899 638 964 commisse
652 917 720 964 vss.
733 899 920 976 dee—70³,
945 899 1043 963 tertio
1057 898 1134 982 fuge
1146 901 1214 967 704

100 1000 229 1079 -713,
244 1001 444 1084 tandemque
457 1003 640 1086 triumphus
662 1006 738 1069 714.
783 1003 999 1087 Spectantes
1011 1003 1065 1068 his
1079 1010 1144 1070 tres
1168 1002 1213 1071 ed

100 1119 199 1167 mere
214 1101 259 1166 ud
271 1100 419 1167 Aetium.
464 1103 630 1186 Equidem
643 1105 726 1169 bene
747 1112 923 1189 perspecta
941 1124 1006 1170 non
1018 1106 1136 1184 habeo,
1147 1109 1213 1173 nisi

100 1202 190 1269 forte
211 1205 304 1270 beno:
325 1206 433 1268 inesse
458 1206 575 1289 clypeo
601 1213 805 1289 argumenta,
824 1227 901 1290 quse
924 1196 969 1271 ab'
996 1206 1121 1272 artifice
1146 1229 1213 1274 non

100 1303 284 1370 infeliciter
303 1307 439 1371 buoteri
452 1308 592 1389 possint,
603 1314 637 1372 et
657 1309 736 1371 artis
749 1326 884 1391 quoque
910 1309 1065 1392 operibus
1084 1310 1212 1393 passim

101 1403 237 1471 reddite
251 1406 329 1483 sint,
343 1425 412 1489 que
431 1412 543 1471 temen
557 1414 638 1485 urle,
665 1428 733 1491 quo
747 1408 870 1486 ordine,
885 1411 919 1472 in
933 1411 1052 1494 clypeo
1067 1398 1213 1478 exhibita

102 1524 147 1572 ee
158 1505 263 1590 poeta
277 1508 480 1590 cogitaverit,
495 1527 563 1573 non
576 1529 759 1594 apparere3
782 1529 843 1574 neo
866 1512 1062 1593 veroqueeri
1081 1510 1211 1591 debere,

103 1608 376 1692 qnandoquidem
396 1608 500 1692 pnite
521 1628 587 1674 non
600 1611 764 1694 graphius,
778 1609 838 1674 sed
861 1609 993 1694 poetice
1007 1611 1081 1676 haeo
1096 1611 1211 1676 edum·

103 1710 262 1789 brureiit,
276 1716 308 1776 et
331 1711 526 1776 adumbrare
540 1711 701 1776 debuerit.
746 1711 830 1776 Sunt
844 1717 1031 1795 argumente
1044 1711 1112 1790 illa,
1134 1732 1212 1778 meo

99 1809 242 1895 quidem
257 1811 399 1896 judicio,
413 1831 478 1876 non
492 1812 557 1876 nisi
570 1811 741 1876 undecim:
767 1829 792 1876 1.
805 1812 903 1896 Lupo
916 1831 994 1876 cum
1016 1812 1163 1877 Romulo
1178 1819 1212 1880 et
1337 1831 1342 1840 ·

104 1908 228 1978 Remo.
273 1914 463 1980 11.Subinee
476 1920 592 1998 reptee.
638 1913 696 1978 ιιι.
713 1913 840 1980 Foedus
855 1913 899 1978 ed
913 1901 1017 1978 erem.
1056 1930 1107 1978 lv.
1124 1912 1229 1981 Meti

104 2011 468 2099 Fuffeb'isupplioium.
512 2032 548 2080 v.
568 2015 701 2080 Tiberis
728 2020 762 2080 et
784 2014 955 2078 Porsenna
978 2014 1210 2081 minabundus.

103 2129 158 2180 vr.
173 2112 387 2200 Capitolium,
419 2114 577 2194 Manlius,
606 2112 725 2179 Anser.
770 2113 1082 2197 v11.Supplieetio.
1130 2129 1210 2178 vul.

101 2213 267 2282 Tertsrus
279 2236 355 2282 oum
369 2216 525 2282 Catilina.
572 2233 627 2282 rx.
650 2217 801 2301 Elysium
813 2235 888 2280 eum
903 2213 1039 2279 Getone.
1063 2230 1103 2278 x.
1118 2212 1210 2298 Pug-

101 2335 148 2383 na
175 2317 222 2385 ed
248 2317 394 2384 Aetium
437 2318 563 2403 Apollo
591 2318 721 2384 Aetius.
768 2316 878 2382 Nilus.
903 2314 1088 2399 Cleopatrae
1118 2314 1210 2400 iuge.

103 2435 162 2486 xl.
176 2419 381 2504 Triumphus
395 2418 550 2503 Augusti.

143 2522 378 2608 Elegantiem'
366 2542 400 2585 m
419 2519 607 2640 disponendo
622 2529 805 2611 argumento
827 2519 937 2604 clypei
960 2520 1093 2597 trustra,
1113 2527 1209 2604 puto,

100 2625 259 2691 inntlibus
271 2626 433 2691 extollunt
454 2625 517 2689 vin
507 2625 632 2689 docti.
676 2623 816 2688 Interior
838 2623 981 2687 ambitus
1002 2621 1095 2686 nullo
1108 2622 1209 2687 modo

100 2725 268 2793 delectare
280 2732 392 2811 potest
405 2727 579 2808 aspectu,
569 2744 605 2788 ιιι
619 2731 763 2809 quotuor
778 2729 848 2801 eut,
869 2721 959 2807 quod
974 2721 1078 2787 multo
1088 2722 1210 2788 moles·

100 2827 170 2902 tius
181 2832 236 2892 est
248 2826 293 2892 ud
314 2827 443 2905 oeulos,
458 2827 493 2890 in
514 2831 581 2907 tres
595 2834 705 2909 partes
720 2825 904 2890 discretus:
928 2816 1079 2908 inprimis
1093 2829 1144 2888 tot
1159 2843 1210 2890 re·

100 2945 173 2993 mni
183 2933 219 2992 et
231 2925 401 2991 hominum
415 2926 518 3009 signis
531 2926 566 2989 in
579 2931 647 2990 tem
661 2930 837 3007 angustum
853 2926 1001 3008 spatium
1015 2926 1207 2991 coarctetis.

142 3025 316 3112 tit-igitur
330 3027 450 3111 paucis
474 3025 780 3108 complectendum
805 3024 885 3087 mihi
911 3021 949 3086 de
977 3022 1056 3085 ortis
1069 3020 1206 3107 judicio,

100 3129 195 3216 quod
208 3128 320 3214 pobtae
331 3129 474 3194 tribuere
488 3128 605 3204 solent,
619 3124 862 3210 pronuntiando
876 3123 1070 3189 videantur:
1093 3124 1211 3190 habuit

100 3230 156 3296 ille
170 3229 255 3295 forte
268 3232 304 3294 in
327 3229 436 3293 enimo
450 3228 654 3311 singulorum
668 3226 833 3308 signorum
858 3224 1128 3310 singularumque
1156 3245 1208 3291 re·

100 3351 174 3398 nrm
188 3331 315 3396 tornes
335 3336 370 3395 et
389 3329 555 3413 exemplu,
571 3348 648 3412 quae
674 3330 709 3392 in
732 3329 813 3393 urbe
837 3335 871 3393 et
893 3325 1207 3410 Capitolio'pussim

101 3451 274 3500 occurrere
288 3432 355 3516 ipsi
369 3431 550 3495 debebant:
573 3449 614 3502 ee
627 3437 747 3509 tumen,
758 3450 834 3514 quae
844 3431 877 3494 in
891 3429 1010 3514 clypeo
1020 3427 1087 3492 hoc
1099 3426 1209 3493 efficta

100 3534 205 3614 dedit,
229 3555 293 3598 uon
318 3530 496 3617 sculptoris,
511 3530 565 3594 sed
588 3532 686 3616 pnite
710 3530 833 3618 iugenio
847 3531 970 3612 delegit
991 3536 1024 3595 et
1051 3530 1085 3594 in
1106 3547 1209 3594 unum
1304 3583 1312 3595 .

100 3636 214 3703 locum
230 3636 400 3720 congessit
413 3634 535 3700 diversi
550 3636 728 3718 argumenti
741 3653 806 3712 res,
821 3654 896 3718 quae
910 3637 1064 3710 narrate,
1080 3633 1110 3696 si
1126 3631 1211 3698 alte-

100 3745 232 3823 repost
256 3738 394 3803 alteram
414 3737 585 3802 auditione
609 3737 804 3820 accipiatur,
828 3734 1043 3799 admiratione
1062 3734 1209 3797 animum

100 3859 233 3905 movere
246 3845 407 3925 possunt3
430 3846 468 3905 ut
481 3839 607 3905 eaedem
625 3845 694 3904 erte
713 3857 881 3921 expressae
905 3835 1023 3901 oculos
1052 3839 1207 3911 tenerent,

100 3957 161 4006 nee
185 3940 296 4004 uoluit
319 3961 380 4006 neo
407 3942 534 4006 curavit
558 3946 614 4005 eut
634 3959 771 4025 operum
799 3938 878 4002 dure
903 3937 1026 4001 debuit.
1074 3931 1208 3996 Po‘e'tico
1334 4018 1338 4024 Ι

101 4040 213 4126 itaque
226 4041 380 4106 habenda
393 4047 470 4107 sunt
483 4052 676 4121 ornamenta,
689 4060 766 4125 quee
780 4037 938 4122 tanquam
953 4038 988 4101 in
1006 4035 1125 4118 clypeo
1149 4053 1208 4097 ex·

100 4160 232 4229 imm»
244 4143 402 4225 mvii,
417 4141 552 4230 politico
566 4162 699 4229 quoque
711 4161 803 4210 more
825 4145 977 4219 metuo,
989 4155 1057 4204 non
1069 4133 1208 4221 anagly-
