2664 4686
171 299 261 387 4048
572 316 772 368 nxcuasus
795 316 904 367 xxu·

172 465 266 531 initio
279 463 342 529 suit
355 482 431 546 ager
444 462 527 528 inter
543 463 752 529 lameticum
766 482 795 528 s.
807 461 1001 526 Terinaeum
1014 461 1128 527 sinum
1143 481 1188 528 ac
1205 462 1283 549 Scy-

170 567 306 642 laeium,
320 569 377 648 qui
390 565 568 629 senioribus
590 565 793 647 temporibus
818 562 1024 627 Bruttiorum
1036 568 1120 628 erat.
1166 562 1283 649 Appu-

169 669 278 735 lerunt
291 668 379 731 enim
402 666 537 752 OEnotri
557 665 692 748 Pelasgi
715 667 749 729 in
772 666 880 730 littore
899 664 964 728 hoc
987 663 1104 730 ltalia
1120 666 1281 746 interiore,

116 806 133 837 ο
170 775 270 853 atque
284 767 477 833 Ausonibus
489 768 565 832 hinc
583 768 699 852 ejectis
719 766 925 850 protulemnt
942 765 1025 830 fines
1041 783 1127 829 suos
1140 764 1282 849 primum

70 862 76 871 ’
114 854 133 869 ”
170 888 285 935 versus
299 869 407 934 Laum
421 869 558 933 fluvium
573 873 607 932 et
617 866 852 950 Metapontum
866 867 993 944 urbem,
1012 886 1099 930 mox
1119 887 1229 951 usqne
1240 867 1280 932 ad

170 969 361 1035 Silarum'at
375 969 577 1047 Bradanum·
589 968 672 1032 sorte
686 969 787 1033 etiam
800 968 926 1050 latius3
949 967 1138 1053 Dionysius
1148 969 1279 1055 quiden

169 1070 231 1137 bos
245 1072 336 1154 ipsos
350 1070 564 1153 Pelasgosad
574 1069 707 1133 Latium
723 1086 931 1152 progressos,
942 1067 1084 1133 Umbris
1092 1068 1279 1153 Siculisque

169 1174 331 1256 expulsis,
346 1179 381 1238 et
399 1191 475 1237 cum
499 1170 735 1253 Aboriginibus
759 1171 947 1254 permixtos
972 1188 1014 1234 ea
1034 1171 1114 1234 loca
1136 1173 1278 1236 oenuisse

168 1279 299 1354 narrat3
321 1275 433 1339 scdex
447 1275 638 1357 opinatione
651 1273 700 1338 ita
708 1278 854 1336 statuens
863 1292 883 1353 3.
898 1290 974 1336 cum
984 1289 1054 1335 non
1064 1272 1277 1350 meminisset,

169 1377 306 1443 alteram
336 1376 554 1458 Pelasgorum
582 1374 838 1451 multitudinem,
863 1375 897 1438 in
935 1393 1027 1438 mare
1065 1371 1278 1440 Adriaticum

169 1483 329 1557 evectam,
350 1477 481 1544 aliunde
514 1497 572 1560 per
602 1475 776 1540 Umbriam
805 1474 849 1540 ad
876 1477 943 1539 ista
970 1474 1049 1539 loca
1078 1480 1279 1558 penetrasse.

169 1577 309 1662 Propter
334 1579 565 1662 cognationem
592 1583 702 1642 brnen
727 1572 852 1661 stirpis,
880 1576 1069 1640 autetiam
1098 1574 1278 1641 secundnm

169 1680 260 1745 illam
277 1681 441 1765 Dionysio
456 1699 587 1765 qnoque
601 1680 776 1763 probatam
801 1678 1003 1763 opinionem,
1027 1674 1168 1740 OEnotri
1182 1683 1292 1742 totam·

171 1781 306 1846 Italiam
320 1783 501 1846 obtinuisse
515 1782 583 1846 dici
606 1786 757 1865 possunt,
772 1786 805 1844 et
829 1781 909 1864 ipsa
932 1778 1033 1842 ltalia
1056 1775 1223 1857 OEuotria,
1236 1781 1281 1844 nti

170 1899 193 1944 e
220 1882 384 1965 prioribus
413 1883 531 1946 incolis
561 1878 714 1958 Ausonia,
743 1886 776 1945 et
804 1901 826 1944 a
852 1879 1035 1957 Chonibus,
1065 1879 1280 1945 (Enotrorum

170 1988 276 2065 parte,
291 1978 424 2045 Clonin.
469 1979 760 2059 Accuratiusbaec,
770 1982 834 2046 etsi
844 1982 961 2066 primis
972 1981 1083 2058 lineis,
1100 1982 1280 2046 secundum

170 2081 385 2146 Aristotelem
400 2083 442 2146 de
454 2103 525 2166 rep.
551 2099 616 2160 vn,
640 2085 683 2147 10
698 2089 732 2146 et
746 2083 941 2147 Strabonem
958 2099 995 2144 vr
1012 2101 1048 2165 p.
1063 2083 1131 2147 391
1146 2102 1281 2166 compa·
1322 2082 1324 2087 ’

169 2189 242 2248 rato
255 2182 420 2268 Dionysio
432 2199 457 2261 1,
469 2184 507 2248 ll
523 2202 574 2266 sq.
584 2185 627 2248 35
636 2204 687 2267 sq.
697 2190 775 2267 post
784 2182 976 2247 Cluverium
987 2183 1116 2245 anobis
1124 2185 1281 2266 exposita

170 2290 246 2350 sunt
269 2286 304 2348 in
332 2283 508 2348 Guthrinni
530 2284 641 2365 operis
663 2281 884 2367 (Aligemeine
907 2281 1213 2367 Weltgeschichte)
1234 2304 1282 2348 re·

171 2385 325 2449 censione
346 2384 389 2448 Τ.
407 2401 446 2447 1v
460 2405 495 2467 p.
514 2385 558 2448 75
571 2403 623 2467 sq.
638 2390 671 2447 et
689 2385 733 2447 al.
771 2383 943 2447 Successit
960 2379 1068 2445 Italia
1082 2402 1217 2463 nomen,
1233 2385 1282 2449 id·

171 2504 235 2570 que
248 2486 351 2568 paulo
362 2484 488 2547 serius:
513 2487 623 2546 ‘nnnc
643 2483 743 2561 sama,
767 2481 898 2544 mitiores
920 2481 1054 2546 Italiam
1070 2483 1203 2549 dixisse
1223 2487 1281 2550 dn.

171 2587 222 2650 cis
236 2585 278 2647 de
291 2580 420 2646 nominc
438 2581 589 2664 gentem!
622 2582 708 2664 Ergo
730 2582 867 2666 Trojani
888 2583 1007 2647 saltem
1027 2584 1108 2648 belli
1132 2591 1282 2671 tempore

169 2687 205 2750 in
220 2683 382 2746 OEnotriae
397 2683 506 2746 locum
531 2683 669 2746 alterum
694 2682 804 2748 Italiae
818 2702 939 2747 nomen
953 2687 1171 2765 successisse,
1186 2685 1299 2753 audi-⁸

169 2792 240 2850 eret
252 2782 423 2864 Virgilius.
468 2779 630 2846 Convenit
643 2783 706 2846 hoc
726 2782 796 2846 sere
810 2803 887 2847 curn
906 2803 963 2861 ec,
984 2785 1077 2868 quod
1092 2785 1282 2871 Dionysius

169 2885 480 2951 Halicarnassensis
492 2884 602 2960 habet,
626 2900 709 2946 xvn
733 2887 841 2967 γενεαῖς
866 2905 926 2948 seu
941 2886 1097 2951 autibus
1120 2887 1155 2954 h.
1168 2908 1201 2952 e.
1215 2891 1282 2955 409

169 2989 264 3051 annis
278 2992 355 3050 ante
373 2985 494 3049 bellum
516 2984 706 3068 Trojmmm,
730 2984 891 3048 OEnotrcs
910 2985 1045 3049 ltaliam
1069 2993 1281 3055 accessisse:

168 3090 230 3152 etsi
244 3089 307 3153 boc
323 3089 512 3172 conjectura
533 3094 670 3164 tantum,
683 3106 790 3169 neque
808 3107 850 3151 ea
874 3088 959 3151 satis
973 3090 1158 3171 probabili,
1174 3110 1280 3177 appo-

168 3192 396 3255 suissevideri
421 3191 537 3253 debet:
569 3189 612 3253 cf.
640 3188 724 3252 Exe.
750 3204 788 3250 ιν
810 3188 853 3252 ad
873 3190 933 3253 lib.
954 3206 1022 3253 vn.
1068 3189 1281 3261 Adaeum·

168 3296 301 3354 mentnt.
325 3289 366 3352 dc
391 3290 512 3352 sabulis
541 3288 601 3352 Gr.
623 3291 705 3351 inter
720 3287 879 3353 Etruscos
901 3291 937 3354 in
955 3290 1144 3357 Tom.111.·
1187 3293 1279 3360 Nor.

169 3386 298 3454 comm.
313 3390 392 3453 Soc.
408 3388 464 3452 Sc.
481 3388 628 3471 Gotting.
648 3410 682 3471 p.
701 3390 755 3452 35.
775 3391 830 3457 36.
884 3392 1004 3474 Ipsum
1031 3388 1142 3457 Italia
1163 3415 1282 3460 nomen

169 3490 213 3552 ab
227 3490 320 3553 initio
335 3490 383 3552 iili
405 3492 492 3572 parti
517 3491 579 3553 suit
602 3493 785 3572 proprium,
800 3493 885 3556 intra
904 3495 1000 3577 cujus
1018 3493 1104 3560 fines
1120 3497 1281 3564 OEnotria

168 3591 331 3675 principio
345 3590 584 3669 includebatur,
601 3591 765 3655 Antiocho
789 3594 968 3675 Syracusio
983 3601 1067 3660 teste
1082 3599 1176 3681 apud
1192 3600 1282 3666 Stra'·

167 3695 287 3756 bonem
303 3710 352 3768 vr,
377 3714 411 3774 p.
436 3694 512 3771 391,
535 3700 570 3757 ct
593 3694 733 3777 Dionys.
753 3693 868 3759 Helie.
892 3714 917 3773 1,
931 3697 986 3760 at.
1032 3696 1090 3761 Ab
1107 3697 1209 3779 Italo,
1224 3703 1282 3786 qui

168 3813 213 3858 ex
228 3794 356 3875 regibus
371 3804 449 3874 post
464 3795 640 3858 (linotrum
656 3797 759 3874 gentis
770 3797 972 3861 conditorem
981 3797 1055 3876 fuit,
1064 3820 1189 3867 nomen
1203 3803 1283 3868 duc·

167 3902 236 3960 tum
250 3895 338 3958 idem
354 3892 535 3958 Antiochus
553 3896 751 3960 tradiderat:
776 3915 809 3960 v,
824 3898 901 3962 loca
915 3899 1028 3963 laudd.
1077 3901 1283 3968 Hellanicus

169 4003 278 4059 mrtem
292 3995 434 4058 Lesbius
450 4015 524 4057 cum
539 3996 670 4060 Timaeo
685 4015 742 4078 ap.
758 3996 844 4062 Gell.
863 4016 919 4076 xl,
935 4001 949 4063 l
970 4001 1115 4084 aliisque
1130 4020 1154 4066 a
1164 4000 1283 4080 vitulis,

169 4095 276 4167 ἰταλοῖς
290 4094 471 4179 (leguntur
484 4094 599 4158 eadem
613 4096 649 4158 in
672 4093 878 4180 Apollodoro
899 4116 943 4178 ιι,
958 4102 991 4181 5,
1006 4103 1062 4180 10,
1076 4103 1140 4168 sed
1156 4121 1193 4170 ν.
1211 4103 1285 4171 No·
