2664 4686
184 285 273 353 laio
617 298 817 350 excussus
838 298 880 347 r.·

186 449 230 514 de
251 443 352 525 Boiu,
376 444 502 511 Ermini
515 448 630 521 matre,
644 443 792 509 fabulam
813 439 951 527 (Victor
962 436 1007 508 0.
1023 441 1072 507 G.
1089 439 1137 507 R.
1150 441 1211 527 1⁰)
1226 460 1290 509 ow

186 550 313 632 attigit:
347 567 407 611 nec
430 543 613 612 Leucoriom
634 544 776 609 insulam
798 545 833 607 in
853 545 928 607 sinu
950 542 1116 609 Paestano
1137 564 1160 609 a
1180 562 1288 615 como,

185 652 280 715 brina
302 648 421 713 AEneae
436 655 495 713 aut
522 645 713 732 Prochytam
728 647 772 711 ab
787 646 860 730 ejus
872 652 1015 727 cognata
1027 646 1077 709 ibi
1092 647 1225 730 sepulta
1240 646 1281 731 (r.

187 751 329 834 Dionys.
344 767 370 827 1,
383 746 444 833 53)
455 749 656 833 appellatam
668 766 850 812 memorare
864 746 981 811 voluit.
1029 744 1109 811 Nec
1122 748 1195 810 sine
1202 746 1279 831 judi·

186 852 240 915 cio
262 851 366 916 videri
392 852 491 916 debet
513 851 667 914 omisisse
688 849 756 913 alia
779 867 925 913 errorum
950 848 1070 913 AEneae
1085 849 1122 913 in
1135 847 1190 912 bis
1208 849 1278 913 locis

185 952 327 1035 vestigio
341 954 439 1035 vulgo
465 952 602 1029 creditu,
626 971 702 1034 quoe
725 948 861 1033 po‘c'tica
883 953 953 1014 arto
976 951 1116 1013 tractari
1130 952 1278 1033 vixpole·

184 1064 267 1140 rani,
281 1064 318 1121 ut
337 1062 349 1115 .‘
361 1058 533 1121 AEnnriam
555 1055 697 1119 insulam
722 1074 744 1119 a
767 1055 907 1118 statione
921 1055 1060 1117 navium
1074 1053 1204 1119 AEneae'
1222 1053 1278 1117 dic·

183 1166 253 1224 tam
268 1159 359 1242 apud
374 1158 460 1233 Plio.
482 1175 539 1235 ιιι,
563 1158 586 1222 6
607 1176 635 1220 s.
660 1158 713 1222 12.
767 1155 885 1234 Quid:
917 1155 1006 1238 quod
1020 1154 1108 1220 adeo
1122 1154 1167 1219 nd
1181 1154 1276 1219 snu-

186 1260 277 1325 niam
291 1259 458 1343 Trojanos
472 1259 615 1321 nonnulli
631 1264 779 1321 veterum
793 1256 1018 1334 deduxerant:
1052 1274 1173 1338 parum
1185 1255 1277 1330 docte,

186 1365 279 1441 puto,
305 1366 404 1425 etex
427 1359 512 1425 lolai
535 1360 678 1435 nomine,
693 1358 735 1421 de
758 1378 827 1440 qno
850 1362 900 1422 tot
924 1356 1049 1425 inbnlae
1072 1359 1108 1420 in
1132 1355 1277 1421 Sardinia

186 1460 367 1543 originibus
388 1461 559 1538 habentur,
579 1461 735 1543 opinione
758 1459 878 1523 ducta:
913 1458 1018 1522 Paus.
1038 1474 1080 1535 x,
1103 1460 1159 1536 17,
1179 1456 1276 1543 1:837

186 1564 270 1627 extr.
284 1581 386 1645 quom
400 1562 498 1627 etlam
511 1562 614 1626 Silius
628 1563 777 1644 sequibrr
789 1561 847 1624 lib.
863 1576 933 1637 ιιιι,
948 1560 1015 1624 uno
1030 1579 1110 1643 sqq.

229 1661 382 1727 Ceterum
409 1670 496 1727 totus
519 1664 573 1726 ille
599 1664 718 1727 littoris
743 1667 868 1728 tractus
891 1661 1015 1725 sabulis
1045 1662 1171 1744 priscis
1194 1660 1277 1725 inch-

186 1769 314 1830 ruerat:
348 1771 385 1828 nt
407 1770 500 1828 tanto
524 1765 632 1843 magis
650 1764 751 1847 poeta
770 1770 881 1828 noster
902 1762 1079 1843 decerpere
1093 1760 1137 1825 de
1150 1763 1193 1826 iis
1212 1780 1279 1825 non

186 1862 264 1926 nihil
278 1865 430 1946 potuerit.
466 1863 546 1927 Non
560 1864 657 1945 longe
671 1883 693 1928 a
707 1863 824 1929 Caieta
838 1863 976 1927 aberant
991 1857 1138 1938 Formio,
1151 1861 1279 1945 Lestry-

186 1981 318 2043 gonum,
332 1964 474 2028 ferorum
487 1966 669 2043 hominum,
682 1966 742 2050 qui
757 1984 855 2029 carne
867 1964 1014 2027 humana
1023 1963 1120 2026 vesci
1135 1963 1279 2037 solebant,

186 2064 282 2139 sedes
310 2067 353 2129 ab
381 2064 529 2130 Homero
553 2066 757 2132 nobilitatae:
788 2064 875 2129 unde
899 2063 983 2127 adeo
1007 2062 1093 2127 Silio
1120 2080 1205 2140 νιιι,
1227 2062 1280 2127 bil

187 2168 197 2196 ‘
213 2173 347 2248 regrrata
362 2166 468 2232 Lamo
489 2167 614 2232 Caieta'
637 2168 727 2233 dicta
740 2173 802 2232 est.
857 2165 891 2229 N
892 2185 931 2230 ec
945 2165 1034 2228 male
1048 2163 1197 2229 Ovidius
1211 2163 1280 2229 liet.

189 2268 351 2344 x1v,158
365 2287 440 2351 sqq.
464 2289 565 2332 unum
588 2289 632 2332 ex
655 2267 790 2353 Ulyssis
815 2268 928 2343 sociis,
950 2264 1159 2343 Macareum,
1181 2285 1281 2351 super·
1323 2262 1326 2293 ²

187 2368 297 2430 stitcm
311 2368 346 2430 in
360 2369 411 2431 his
425 2369 511 2432 locis
525 2370 621 2433 linxit
635 2369 752 2433 AEneae
767 2388 957 2432 occanere:
980 2368 1042 2431 etsi
1059 2366 1283 2433 Achemenidis

186 2469 221 2530 in
247 2466 434 2552 Cyclopum
456 2476 548 2533 antro
571 2470 676 2533 relicti
698 2489 741 2532 ex
765 2469 823 2533 lib.
852 2485 896 2531 111
923 2466 1076 2531 AEneidis
1102 2470 1280 2553 exemplum

189 2566 321 2632 Nasoni
331 2574 406 2630 ante
420 2569 537 2631 oculos
551 2569 652 2632 fnisse
667 2570 764 2634 facile
786 2570 987 2650 intelligitur.
1039 2567 1103 2633 Est
1117 2577 1228 2635 antem
1246 2568 1282 2633 od

188 2688 294 2731 rerum
308 2667 407 2730 fidem
422 2665 519 2731 valde
534 2669 833 2747 accommodatum,
858 2669 965 2734 adbuc
978 2668 1201 2752 Trojanorum
1215 2678 1283 2735 tem

189 2767 326 2849 poribus
352 2765 501 2830 homines
525 2767 612 2830 feros
639 2774 672 2831 et
696 2770 983 2853 anthropophagos
1006 2768 1117 2834 Italiae
1141 2771 1281 2842 saltibus,

188 2866 339 2942 lacubus,
364 2871 396 2929 et
419 2866 549 2948 ignibus
573 2867 790 2933 subtenaneis
809 2870 951 2934 horridae
978 2871 1055 2934 loca
1077 2871 1198 2935 saltem
1216 2889 1283 2935 non·

186 2967 280 3033 nullo
291 2969 505 3034 inhabitasse.
557 2969 647 3034 Hinc
662 2976 695 3035 et
710 2968 791 3034 Caci
805 2973 974 3036 memoria.
1019 2970 1073 3037 Cf.
1090 2973 1135 3036 ad
1148 2973 1207 3051 lib.
1224 2985 1281 3037 ιιιι

187 3067 327 3135 Excurs.
344 3086 384 3134 ιι.

231 3167 336 3234 Circes
350 3169 494 3257 irnrrlom,
520 3192 622 3255 quam
641 3175 824 3239 adeundam
849 3196 924 3241 esse
940 3177 1090 3243 Helenus
1112 3178 1189 3261 jam
1209 3195 1282 3261 pre·

186 3271 315 3345 dixerat
337 3269 412 3353 (lib.
429 3288 487 3357 ιιι,
510 3273 576 3341 386
599 3274 711 3339 ‘Ante
734 3282 767 3340 et
788 3310 832 3324 -
855 3277 1030 3362 AEaeaeque
1050 3279 1162 3344 insula
1182 3277 1282 3343 circes

185 3367 389 3452 lustranda'),
403 3390 469 3435 non
482 3376 589 3455 magis
603 3379 848 3460 praetermittere
867 3378 980 3443 debuit
1002 3379 1115 3462 poeta,
1138 3401 1216 3445 cum
1237 3379 1283 3445 illo

186 3472 230 3536 ab
243 3472 384 3536 heroicis
399 3472 473 3537 inde
489 3479 689 3558 temporibus
715 3485 887 3562 tantopere
901 3481 1024 3544 sabulis
1038 3481 1286 3565 frequentabat

186 3572 351 3639 celebrato
366 3583 466 3653 esser,
481 3577 630 3660 inprimis
645 3581 688 3642 ab
705 3580 854 3644 Homero
870 3579 997 3664 Odyss.
1016 3588 1055 3643 ll.
1091 3580 1211 3646 Circeii
1224 3581 1287 3666 qui·

184 3674 260 3739 dem
274 3680 387 3739 notum
403 3682 455 3740 est
470 3678 558 3745 Latii
572 3685 852 3763 promontorium:
876 3682 1045 3748 Homerus
1060 3688 1174 3749 tamen
1187 3684 1289 3749 nosral

185 3777 288 3855 deeo,
300 3781 507 3862 tunquamde
518 3781 634 3844 insula.
669 3788 678 3816 ‘
691 3782 833 3861 Circeii,'
843 3794 879 3849 nt
888 3784 988 3849 Plinii
1002 3788 1114 3849 uerbis
1131 3794 1208 3852 utar
1220 3787 1294 3873 (lib-

186 3898 244 3956 ιιι,
264 3883 297 3958 5,
320 3877 370 3962 9),
395 3885 405 3914 ‘
421 3882 528 3946 insula
543 3884 710 3966 quondam
725 3887 885 3950 immenso
909 3887 1042 3971 quidem
1057 3889 1142 3951 mari
1156 3888 1294 3953 circum·

185 3982 482 4061 dota,ntcredib1r
497 3984 660 4065 Ilomero,
671 3993 706 4050 at
718 4007 804 4051 nunc
820 3987 967 4070 planitie'
986 3986 1047 4073 (cs.
1061 4005 1103 4067 ιι,
1118 3989 1165 4054 85
1180 4010 1209 4054 s.
1224 3988 1297 4071 87).

184 4080 277 4148 Nata
298 4083 374 4148 hinc
396 4084 522 4167 opinio,
539 4094 676 4170 aggesta
695 4087 868 4153 fluminum
891 4090 1013 4156 alluvio
1033 4096 1135 4168 terra
1155 4091 1296 4158 insulam
