2664 4686
471 117 524 167 an
545 114 720 167 nunrnns
742 116 816 169 ure.
839 118 882 169 rr.
1138 104 1229 171 loon

112 259 490 350 potinimunrvbgilio
510 267 587 329 onte
598 261 715 327 oculor
736 260 841 327 tuisse
862 260 1034 345 patritie
1046 262 1102 340 sit,
1125 263 1227 347 paulo

114 366 314 435 matius
334 364 547 447 indagemnm
568 367 633 431 etsi
653 366 688 429 in
710 364 873 429 nonnullis
893 382 957 433 nos
980 362 1137 431 doctioris
1159 364 1228 431 dia·

116 468 305 555 putationis
328 472 457 533 tautum
481 467 588 533 lineas
621 467 755 545 ducere,
788 467 824 531 in
852 467 926 532 aliis
953 468 1121 545 nonnulla,
1149 490 1227 554 quta

116 570 295 655 copiosius
303 569 378 654 jam
398 570 444 634 ab
465 568 543 635 aliis
564 569 655 637 dieta
675 574 764 648 sunt,
786 569 977 635 summatim
990 568 1144 651 colligere
1159 590 1226 639 non

116 690 316 756 ignoramus

158 773 233 839 Res
252 774 350 857 igitm
368 772 510 857 'lbojani
523 773 603 839 belli
616 775 752 839 omnino
764 778 842 858 post
861 772 1058 851 Homerum,
1081 774 1225 858 primum

113 880 312 954 tutiorem?
335 875 435 959 longo
448 882 557 941 tamen
571 882 756 961 temporum
767 876 951 954 intervallo,
963 881 1095 943 centum
1107 878 1226 945 saltem

116 996 288 1055 annomm,
316 996 378 1043 nec
405 979 470 1043 nisi
495 985 675 1065 postquam
697 980 798 1062 vulgo
827 978 1030 1045 circumferri
1054 983 1227 1063 coepernnt

115 1078 258 1147 Homeri
274 1083 432 1160 carmine,
441 1081 573 1148 sumunt
586 1084 739 1148 metatos
753 1102 776 1146 a
785 1081 897 1166 poetis
912 1081 1063 1166 cyclicis,
1082 1082 1148 1149 hoc
1162 1086 1225 1161 ast,

115 1182 160 1247 ab
177 1181 361 1266 impolitis,
386 1183 456 1267 qui,
477 1183 617 1249 Homeri
631 1183 797 1266 exemplo,
819 1202 888 1247 non
901 1182 1002 1247 modo
1016 1202 1124 1249 renum
1137 1184 1225 1251 ballo

115 1280 264 1366 'flojano
277 1289 454 1365 gestuum,
470 1304 546 1367 quaa
562 1283 702 1349 Iliadem
716 1285 789 1349 aive
804 1290 1048 1351 antecesserunt
1060 1285 1135 1353 sire
1147 1289 1226 1353 sunt

114 1388 254 1462 mutae,
281 1402 396 1451 rerum
421 1384 517 1463 adeo,
545 1385 670 1450 Proclo
694 1385 785 1469 apud
813 1386 970 1451 Photium
999 1392 1094 1464 teste,
1123 1388 1224 1455 totius
1271 1466 1277 1479 1

115 1486 330 1574 mythologie
344 1508 368 1554 a
381 1487 471 1554 Coeli
485 1493 519 1554 et
537 1488 650 1555 'serrae
672 1489 750 1555 inde
764 1490 890 1574 nuptiis
904 1488 948 1553 ad
965 1488 1063 1555 tinem
1076 1506 1223 1557 errorum

116 1590 261 1677 lllysria,
287 1590 387 1657 modo
409 1592 538 1676 singula
551 1594 665 1676 capita
676 1592 778 1658 modo
801 1592 945 1677 plurium
959 1592 1107 1677 capitum
1131 1610 1223 1661 com·

115 1693 266 1777 plexum
292 1695 437 1760 carmine
458 1696 570 1778 apion,
605 1694 671 1759 boc
699 1701 763 1774 est,
785 1695 829 1759 ad
859 1694 1034 1761 Homerici
1064 1694 1222 1761 carminis

113 1814 278 1874 umneros,
313 1795 541 1880 tractandique
570 1800 603 1861 et
630 1798 807 1881 eloquendi
838 1798 986 1876 modum,
1023 1798 1222 1881 composito,

115 1905 349 1982 exposuerant,
373 1905 409 1965 et
429 1919 475 1963 ex
495 1901 617 1984 quibus
632 1906 723 1965 certa
742 1899 963 1984 dispositione
978 1919 1000 1965 a
1018 1900 1134 1964 nescio
1153 1917 1222 1983 quo

114 1999 262 2064 collectis
283 2007 317 2065 et
338 1999 497 2067 ordinatis
520 2007 695 2084 syntagma
717 2001 852 2082 epicum
867 2000 1108 2075 concinnatum,
1134 1998 1221 2065 exti-

114 2101 197 2164 tisse
216 2106 357 2183 putatur.
403 2100 570 2166 decorate
585 2100 627 2163 de
641 2101 698 2175 iis,
721 2104 798 2180 post
813 2097 993 2185 Nicolaum
1007 2097 1173 2188 Iodnsem
1185 2099 1221 2169 in

113 2200 282 2287 Epiphyll.
308 2218 351 2279 11,
373 2204 406 2267 4.
452 2202 596 2265 Salmas.
614 2199 649 2262 in
673 2197 778 2263 Solia.
800 2220 835 2283 p.
855 2199 921 2265 ⁵97
943 2204 979 2265 et
1002 2199 1150 2267 Casanb.
1175 2200 1221 2267 ad

112 2303 231 2369 Athen.
246 2318 314 2380 vn,
327 2304 361 2367 4.
386 2301 551 2367 Dodwell.
565 2300 608 2372 dc
623 2298 720 2384 Gyol.
731 2321 766 2384 p.
777 2300 854 2380 802,
865 2300 923 2385 qui
938 2302 1001 2365 soli
1015 2303 1141 2367 consuli
1150 2323 1220 2369 me·

112 2412 228 2483 rmtur,
254 2405 322 2488 egit
335 2403 545 2468 Schwarrius
560 2399 705 2467 Altdorf.
726 2402 761 2466 in
775 2401 869 2468 Diss.
888 2403 929 2468 de
943 2402 1056 2487 po'etis
1068 2404 1218 2489 cyclicis.

109 2506 206 2572 Addo
226 2504 362 2569 Fabric.
388 2504 429 2568 B.
455 2503 516 2569 Gr.
534 2504 576 2571 Τ.
594 2522 606 2567 ι
623 2525 657 2587 p.
671 2503 749 2570 ael.
794 2503 878 2569 Sunt
897 2511 1007 2571 tamen
1036 2506 1218 2573 admodum

111 2627 221 2690 prum
250 2609 285 2672 in
316 2608 381 2673 boc
410 2612 603 2690 argumento
633 2607 677 2673 ad
707 2606 870 2690 liquidum
891 2608 1062 2691 perducta.

111 2756 116 2763 ·
147 2708 244 2777 Nam
257 2710 378 2795 primo,
392 2730 533 2793 quorum
547 2708 721 2794 poetarum
734 2711 869 2775 nomina
882 2716 916 2775 et
929 2729 1034 2794 opera
1046 2713 1109 2777 boc
1120 2712 1217 2797 cyclo

109 2811 351 2895 comprehensa
373 2811 505 2889 suerint,
527 2831 581 2875 res
601 2817 654 2875 est
674 2812 796 2894 partim
818 2811 973 2890 obscura,
994 2813 1114 2895 partim
1136 2832 1217 2879 con·

109 2920 269 2992 noverea,
289 2915 389 2979 etiam
403 2914 488 2978 inter
507 2919 653 2993 reteres3
676 2933 739 2977 neo
752 2913 836 2977 satis
858 2920 1046 2979 constanter
1063 2913 1215 2993 baditrrr,

108 3034 206 3098 qnam
219 3015 290 3080 late
313 3016 383 3100 ejus
397 3021 623 3098 argumentum
638 3006 800 3098 patrrerit3
823 3014 925 3079 modo
936 3017 1024 3079 enim
1036 3016 1122 3081 intra
1135 3016 1216 3083 belli

108 3116 246 3203 'lbojani
260 3116 413 3183 linesille
423 3120 623 3195 substitisse,
647 3118 747 3183 modo
769 3116 812 3181 ed
835 3118 947 3201 ipsam
965 3118 1216 3200 cosmogoniam

109 3227 266 3305 evagatus
279 3239 357 3286 esse
370 3228 530 3286 narratur.
575 3220 656 3300 Quo
669 3223 745 3306 ipso
759 3225 912 3311 constare
935 3225 1028 3305 puto,
1050 3221 1136 3286 intra
1147 3222 1215 3305 pri·

108 3327 217 3388 nam
238 3323 468 3388 nonnullorum
501 3323 673 3388 doctorum
701 3320 1001 3388 Grammaticorum
1027 3321 1216 3406 opinionem

605 3512 712 3564 Nori.

135 3631 208 3683 tue
223 3630 425 3687 bltnecuntiut
436 3632 587 3697 disputandi
603 3634 641 3685 lo·
680 3639 732 3683 tur.
771 3630 833 3683 Ali·
853 3631 910 3683 dier
926 3631 1028 3696 deecit,
1045 3629 1212 3693 docebitque,

112 3708 210 3759 erait
225 3707 261 3757 ad
275 3707 362 3771 iprnm
373 3708 526 3761 Homerum.
559 3711 638 3761 Nunc
679 3707 779 3759 uideri
798 3718 958 3759 neeesseest
974 3709 1002 3759 in
1017 3708 1059 3770 iis,
1077 3717 1136 3770 qna
1156 3710 1212 3753 tnn-

115 3782 197 3851 rnliqni
208 3784 309 3836 intaeta
319 3801 361 3851 en,
381 3803 439 3853 qna
451 3794 511 3839 ante
527 3788 638 3838 Iliadem
679 3792 734 3837 tum
751 3784 924 3851 probabiliter
941 3784 1065 3836 constitui
1080 3794 1140 3843 nec,
1157 3778 1211 3830 tide

116 3870 163 3909 αι
187 3860 298 3913 debebis
318 3862 429 3914 Venetis
457 3863 638 3915 nVillobono
676 3862 801 3914 bisterton
816 3860 964 3925 deficiente,
982 3862 1053 3910 nitra
1067 3854 1211 3925 probabili·

118 3932 273 3991 tdtunlbi
288 3939 432 4005 probabilia
446 3954 504 3993 ern
515 3940 637 3997 ridebu-
677 3947 760 3997 aar·
769 3952 906 4005 mmet·
915 3942 1034 4005 pereum.
