2692 4974
205 652 294 721 tuto
620 661 897 714 excursusrrn

207 816 339 899 potuit:
369 813 434 879 etsi
461 813 569 877 uumis
597 815 703 896 gentis
733 813 852 896 Papiae
880 813 1065 879 nobilitata.
1119 811 1224 895 (Vide
1248 815 1295 880 rel

207 915 333 981 Eckbel
346 915 442 980 Tom.
458 933 493 993 v,
507 937 541 998 p.
554 914 647 999 2⁶7.)
690 915 783 980 Nata
801 921 834 980 et
852 916 925 980 haec
940 916 1036 980 anilis
1048 914 1165 981 subulo
1178 915 1296 982 videtur

207 1039 251 1082 ex
264 1019 368 1102 signis
381 1020 503 1103 aquilae
518 1025 552 1083 et
564 1020 634 1102 lupi
649 1019 684 1082 in
698 1019 769 1082 foro
780 1016 912 1082 Isavinii
927 1018 1059 1099 positis,
1068 1037 1149 1101 quae
1164 1016 1295 1103 Dionys.

206 1117 302 1195 vidit,
317 1120 375 1183 lib.
392 1136 417 1196 1,
431 1121 484 1184 59.

166 1246 175 1257 ·
249 1217 401 1284 Classem
418 1220 635 1305 ‘lbojanorum
658 1222 693 1285 in
716 1222 800 1306 ipsis
821 1220 953 1307 Tiberis
975 1221 1071 1285 ostiis
1094 1221 1298 1286 incensurus

205 1322 396 1387 mulieribus
410 1323 494 1387 duce
510 1322 622 1386 Roma
635 1323 791 1408 quadam,
806 1323 1007 1389 tradiderant
1027 1323 1110 1388 olim
1125 1325 1297 1406 scriptores

206 1423 296 1506 apud
319 1422 517 1506 Dionysium
533 1441 559 1501 1,
573 1424 618 1488 72
639 1428 685 1507 (p.
700 1425 769 1503 58),
790 1426 825 1488 in
848 1444 931 1508 quos
950 1424 1111 1488 inciderat
1128 1424 1298 1509 Polyaenus

207 1523 345 1608 Strateg.
360 1542 442 1603 v111,
457 1527 511 1604 25,
525 1528 559 1605 2,
582 1527 639 1590 ubi
652 1526 740 1591 idem
752 1525 973 1610 Trojanarum
986 1527 1163 1591 mulierum
1178 1525 1299 1590 metum

207 1627 353 1709 exponit.
378 1625 430 1691 cf.
445 1628 488 1690 ad
501 1628 560 1693 lib.
575 1645 597 1691 v
613 1627 698 1692 Exc.
717 1643 765 1690 vi.
799 1627 900 1706 Quod
910 1634 1016 1691 autem
1032 1627 1143 1710 po'etae
1162 1621 1298 1713 Thybris,

206 1746 273 1792 non
290 1725 406 1790 Tiberis
420 1730 583 1807 scribitur,
597 1749 665 1812 qua
677 1729 720 1793 de
739 1749 774 1793 ro
787 1734 856 1793 tam
866 1729 971 1794 multa
984 1726 1176 1811 argutantur
1188 1728 1299 1795 Grani·

206 1831 330 1908 matici,
344 1829 427 1894 illud
440 1830 485 1894 ad
499 1830 690 1914 dignitatem
702 1833 832 1914 epicam
844 1839 995 1916 spectare
1009 1836 1101 1914 putu,
1111 1850 1192 1894 cnm
1203 1827 1299 1894 form

207 1934 304 1998 vocis
317 1934 361 1997 sit
381 1933 487 2016 magis
507 1933 679 1998 recondita
700 1953 744 1997 ex
767 1932 899 1998 Groecis
920 1932 1030 2016 politis
1043 1938 1076 1996 et
1089 1931 1299 2015 scriptoribus

207 2035 376 2113 translata
400 2036 523 2118 quibus
554 2033 682 2124 Θύμβςις
707 2040 741 2100 et
771 2033 876 2121 Θύβρις
896 2042 959 2113 est,
981 2053 1064 2098 sono
1090 2032 1179 2118 ipsis
1200 2031 1299 2115 muns

92 2154 95 2159 ·
205 2133 419 2217 bmwmm

614 2444 896 2459 m

510 2697 884 2774 EXCURSUS
924 2698 1000 2772 ΙΙΙ.

209 2916 262 2967 DE
277 2916 464 2979 Loconuni,
485 2916 526 2965 ΙΝ
547 2917 630 2968 011AE
654 2917 812 2968 TROJANI
835 2918 1023 2970 PSCENSUM
1041 2916 1192 2981 FECERE,
1206 2914 1302 2967 snm:

257 2996 433 3048 ADEOQUE
449 2996 500 3045 DE
516 2994 616 3045 Auno
634 2995 828 3046 LAURENTE
844 2996 1010 3048 ETTROJA
1023 2995 1137 3058 Novn,
1151 2995 1301 3047 uncinus

256 3074 454 3124 LAURENTO
468 3075 514 3122 ET
531 3073 696 3138 LAVINIO,
714 3075 876 3126 Nunssclo
894 3077 944 3126 iu
959 3075 1134 3127 JUTURNAE
1149 3075 1254 3139 Luco,
1263 3075 1303 3124 ΕΤ

257 3154 353 3203 URBE
368 3153 465 3203 ALBA
480 3153 618 3204 LONGA.

251 3344 352 3410 Nunc
365 3344 403 3408 de
416 3343 562 3424 locorum,
577 3347 620 3410 ad
641 3368 717 3430 quae
736 3367 797 3412 sex
811 3350 1029 3432 posteriorum
1043 3348 1196 3414 AEneidis
1209 3349 1304 3414 libro·

208 3468 280 3513 rum
303 3469 354 3513 res
383 3449 558 3531 dispositae
583 3455 671 3526 sunt,
694 3449 756 3510 situ
783 3452 901 3532 paucis
925 3450 1120 3528 videbimus,
1150 3457 1301 3534 quantun

208 3550 341 3634 quidem
356 3550 399 3623 ad
414 3550 588 3614 consilium
606 3557 753 3614 nostrum
773 3551 920 3616 conferre
933 3552 1038 3615 videri
1052 3557 1173 3634 potest
1217 3551 1303 3617 Num

209 3651 276 3716 alio
290 3657 323 3715 et
337 3670 397 3714 suo
412 3670 502 3714 more
516 3658 695 3716 tractarunt
714 3653 789 3717 baec
812 3654 985 3718 Cluverius
1003 3654 1079 3718 Ital.
1095 3659 1163 3718 ant.
1177 3659 1211 3718 et
1223 3653 1302 3718 Vul-

208 3752 286 3834 pius
299 3752 397 3818 Latio
411 3759 479 3817 ant·
1194 3745 1198 3752 ’

253 3852 451 3917 Escendisse
471 3853 634 3939 Trojanos
651 3853 694 3918 ad
715 3853 802 3918 littus
829 3853 947 3919 Tiberis
965 3852 1117 3918 orientale
1127 3854 1225 3920 locus
1240 3870 1301 3929 vu,

209 3952 339 4020 uti—36
364 3953 484 4020 diserte
505 3956 612 4020 docet.
656 3955 761 4033 (Nam
783 3977 826 4020 ex
851 3957 908 4020 illo
926 3972 1024 4020 versu
1048 3971 1114 4033 vu,
1140 3957 1220 4021 241.
1243 3954 1303 4020 w

210 4055 400 4139 ‘Quumque
414 4055 600 4138 ingentibus
621 4063 714 4138 urget
735 4055 859 4140 Apollo
881 4056 1083 4140 Tyrrhenum
1106 4056 1151 4120 ad
1172 4057 1302 4142 Tybrim

207 4162 240 4220 et
253 4154 354 4222 sontis
369 4158 457 4221 vada
471 4178 567 4223 sacra
589 4157 748 4235 Nmnici‚'
768 4179 886 4242 parum
908 4158 1005 4222 docte
1026 4158 1211 4241 appulsum
1227 4158 1303 4222 Tru

202 4257 358 4341 junonum
371 4259 416 4322 ad
430 4258 464 4322 N
465 4260 576 4323 umicii
590 4260 622 4323 fl.
638 4260 728 4325 ostia
740 4261 931 4325 transtulere
944 4261 1102 4337 nonnulli,
1117 4261 1153 4323 in
1170 4277 1301 4342 quorum

208 4360 350 4442 aliqrrem
378 4358 535 4424 incidisse
563 4360 689 4425 videtur
711 4360 873 4438 Zonaras,
900 4362 958 4445 qui
988 4360 1075 4425 idom
1105 4361 1174 4426 iera
1201 4358 1302 4426 trudit

208 4458 275 4524 Sed
304 4459 496 4526 Numicium
522 4463 635 4545 posuit
665 4462 763 4527 Maro
791 4462 926 4546 pottiea
950 4463 1077 4528 ratione
1105 4464 1240 4530 omnino
1263 4456 1303 4525 nd
