2664 4686
115 308 205 375 42oe
250 301 253 305 ’
530 323 730 374 excussus
751 322 811 376 ιιι.

32 525 36 533 .
161 468 319 556 raptu
332 471 367 535 iu
379 474 490 534 moute
503 488 580 533 esse
594 469 707 543 debuit
730 473 777 547 (v.
793 469 819 535 9
834 472 998 548 ‘sacas
1021 457 1149 556 quibus
1159 486 1214 538 at·

116 588 188 638 uus
207 571 330 654 Apollo
342 569 541 655 prasidet)';
561 589 626 634 nec
639 570 736 653 louge
749 591 772 635 a
785 569 924 648 (tumim
946 571 1068 656 itaque
1081 573 1213 639 falsae!

115 676 262 756 vulgaris
276 675 403 756 opinio,
418 673 496 737 dum
509 674 621 736 ruinas
634 674 747 756 templi
759 670 929 757 Apollinis
939 672 986 738 ad
997 673 1113 739 lacum
1123 671 1209 740 Aia·

115 796 193 841 nuru
207 783 373 841 ostentant
384 776 570 859 hospitibus
583 774 651 838 loci
663 775 801 840 accolae.
844 775 923 853 Sed,
936 777 967 839 si
981 776 1017 840 iu
1034 783 1146 842 moute
1156 774 1207 841 Ou-

114 896 214 941 mano
226 878 291 942 tuit
303 877 473 960 templum,
489 877 604 938 iterum
618 875 764 939 dubitari
777 880 897 958 potest,
909 895 953 940 an
962 874 1206 942 Cumarumool

113 977 140 1042 li
162 979 353 1062 impositum
376 977 484 1053 tuerit,
506 976 678 1058 etinipsa
689 977 782 1054 urbe,
807 976 900 1060 quod
922 975 1063 1042 Servius
1088 972 1205 1062 putaiit

115 1079 191 1145 Silii
214 1080 349 1163 quidem
371 1079 549 1142 auctoritas
562 1096 679 1161 parum
689 1096 743 1140 me
762 1084 885 1155 movet,
909 1079 968 1143 lib.
992 1096 1068 1158 xrr,
1087 1079 1140 1157 86,
1159 1077 1204 1142 ubl

114 1179 261 1245 Annibal
276 1180 403 1244 Cumas
417 1198 627 1263 oppugnans,
642 1178 793 1262 adeoque
805 1182 887 1244 urbe
896 1181 1046 1246 noudum
1057 1187 1202 1266 receptu,

115 1284 196 1350 dum
209 1287 386 1369 perlustrat
398 1283 521 1360 aditus,
543 1282 722 1364 ‘fulgentia
733 1284 838 1347 oemit
852 1282 952 1348 Arcis
971 1285 1100 1369 templa
1114 1280 1203 1372 iugo?

114 1408 191 1453 uam
204 1388 285 1452 nibil
297 1385 449 1470 impedit,
472 1403 538 1467 quo
553 1386 664 1447 minus
678 1385 837 1467 templum
852 1387 886 1448 in
900 1406 1034 1451 summo
1049 1390 1136 1453 arcis
1147 1405 1202 1452 rer·

113 1492 179 1554 tice
191 1490 339 1574 pontum
353 1489 454 1552 etiam
468 1493 564 1550 extm
576 1487 702 1550 moeuia
715 1488 867 1570 conspici
881 1491 1037 1570 potuerit.
1083 1486 1130 1554 At
1147 1506 1202 1572 gra·

112 1592 240 1656 viorem
263 1590 501 1655 dubitationem
525 1587 617 1664 facit,
647 1585 735 1670 quod
763 1588 799 1651 in
822 1588 906 1651 urbe
930 1588 1045 1653 media
1066 1591 1158 1654 lucus
1179 1590 1204 1651 et

114 1698 244 1756 secreta
256 1692 372 1770 religio
386 1689 538 1772 Sibyllae,
562 1707 640 1770 quae
657 1689 815 1770 contigua
827 1694 897 1753 erat
909 1690 1050 1773 templo,
1074 1694 1135 1756 vix
1146 1706 1203 1754 ess

113 1793 235 1876 potuit,
249 1796 282 1854 et
295 1791 395 1875 quod,
410 1792 441 1853 si
454 1790 490 1854 id
505 1808 622 1872 pmas,
634 1795 816 1854 ceterorum
828 1791 991 1869 locorum,
1007 1792 1204 1876 inprimisque

113 1893 355 1975 speluncarum,
373 1893 459 1955 situs
471 1911 537 1955 nou
552 1893 635 1954 satis
650 1893 813 1955 convenit.
858 1892 976 1976 Itaque
992 1891 1135 1972 Paolus,
1155 1891 1204 1956 Vir

112 1992 337 2069 doctissimus,
363 1994 397 2055 in
415 1990 548 2055 Puteol.
571 1989 708 2075 Antiqq.
727 1990 786 2056 fol.
809 2008 912 2057 xxrx
927 1995 1046 2077 templi
1060 1994 1204 2060 locruuin

112 2095 272 2159 montium
287 2094 370 2179 jugo
383 2094 428 2157 ad
442 2090 565 2156 Cumas
579 2092 793 2176 quarendum
808 2095 996 2172 arbitratus,
1019 2095 1096 2180 ejus
1109 2097 1205 2161 ruinas

112 2217 218 2261 orcam
229 2193 370 2278 sellem,
385 2214 484 2279 quem
498 2199 630 2270 vocant,
646 2213 721 2257 asse
734 2195 914 2260 contendit.
959 2197 1014 2261 lta
1042 2195 1129 2262 lucas
1150 2194 1176 2261 Τ
1172 2193 1205 2257 η’·

111 2298 179 2375 τίω,
206 2318 265 2382 per
278 2317 374 2381 quem
387 2296 447 2359 via
460 2295 503 2359 ad
517 2314 593 2359 eum
606 2300 685 2369 erat,
708 2295 742 2358 in
757 2298 873 2380 sylvis,
899 2317 1039 2380 quarum
1064 2300 1206 2385 reliquis

111 2400 168 2463 ille
191 2399 285 2462 locus
308 2398 419 2474 babet,
444 2405 477 2460 et
502 2396 670 2479 speluncae
699 2397 733 2458 iu
755 2398 942 2480 propinquo
966 2405 1053 2464 sunt.
1099 2400 1153 2466 Ex
1173 2400 1206 2463 iis

110 2508 221 2566 tamen
234 2500 330 2575 loc'is,
357 2501 391 2561 in
413 2498 533 2580 quibus
554 2498 595 2560 de
619 2494 787 2580 Apollinis
802 2496 944 2563 Cumani
959 2503 1085 2586 templo
1101 2503 1206 2586 agitur,

103 2592 146 2666 ⁴in
161 2621 236 2665 arce
250 2619 309 2662 seu
323 2598 471 2680 acropoli
495 2596 673 2660 Cumarum
696 2599 778 2662 illud
800 2601 905 2665 fuisse
930 2603 1147 2669 manifestum
1170 2602 1206 2666 it

111 2700 248 2764 Scilicet
261 2697 467 2777 cogitandum
480 2704 562 2774 erat,
578 2698 696 2763 AEueae
712 2705 811 2763 aetate
826 2702 939 2764 urbem
949 2699 1133 2767 Cumarum
1141 2722 1208 2768 nou

110 2800 191 2863 dum
202 2798 317 2873 fuisse,
340 2816 400 2861 uec
422 2798 574 2861 extitisse
587 2805 656 2861 tum
669 2800 735 2862 nisi
750 2801 908 2883 templum
922 2801 956 2863 iu
971 2809 1085 2868 monte
1097 2824 1106 2884 3
1128 2806 1208 2868 viam

110 2899 194 2964 adeo
207 2919 267 2982 per
279 2899 355 2963 loca
368 2918 485 2982 pamm
499 2898 649 2963 habitata
661 2905 694 2963 et
707 2919 767 2983 per
781 2901 893 2963 lucum
908 2902 952 2964 ad
967 2902 1052 2965 illud
1067 2904 1208 2980 duxisse,

109 3004 167 3066 et
158 3021 192 3066 ru
205 3003 306 3065 latere
319 3001 441 3064 montis
454 2999 605 3066 horridus
620 3019 741 3084 specus
755 3002 951 3066 occurrisse.

154 3102 232 3167 Fuit
246 3109 356 3168 autem
370 3103 434 3167 hoc
449 3101 619 3186 Apollinis
633 3102 790 3185 templum
803 3123 847 3167 ex
863 3105 1119 3186 antiquissimis,
1138 3107 1209 3172 Da·

110 3204 180 3269 dali
194 3205 274 3268 illud
288 3225 372 3288 opus
386 3204 595 3280 habitumtv
610 3204 653 3267 14
667 3206 754 3286 sqq.)
771 3209 945 3286 statuaque
969 3206 1036 3269 Dei
1064 3210 1210 3274 colosso

109 3307 330 3371 nobilitatum·
374 3305 510 3368 Servius
530 3304 573 3367 ad
594 3325 625 3367 v.
647 3304 670 3368 9
692 3305 723 3366 h.
748 3304 843 3368 libri:
868 3304 1019 3370 ‘Caelius
1038 3308 1140 3372 euim'
1164 3308 1210 3387 (Ia.

110 3406 237 3473 Caelius
251 3407 435 3491 Antipater,
448 3406 506 3488 qui
520 3407 597 3469 belli
614 3404 736 3470 Punici
752 3423 779 3469 rr
796 3406 965 3470 historiam
981 3406 1137 3493 scripsit)
1151 3413 1162 3443 ‘
1174 3407 1211 3472 de

111 3508 259 3575 Cumano
285 3508 440 3593 Apolline
463 3510 530 3572 ait:
555 3507 617 3571 Est
641 3511 675 3572 in
697 3507 774 3572 sano
797 3508 926 3590 signum
955 3506 1128 3590 Apollinis
1154 3511 1210 3594 lig·

109 3630 217 3688 neum,
233 3614 337 3676 altum
352 3632 420 3675 non
433 3613 542 3676 minus
554 3612 657 3694 pedes
674 3628 740 3686 Χν,
757 3610 853 3693 quus
866 3611 1059 3673 meminisse
1080 3616 1213 3695 putabit

108 3711 281 3793 Virgilius’
305 3717 350 3791 (v.
367 3715 389 3778 9
405 3711 488 3775 altres
506 3710 640 3796 Apollo;
662 3711 721 3775 sed
735 3713 799 3776 hoc
813 3732 834 3775 a
848 3715 914 3776 situ
929 3712 1046 3794 templi
1062 3714 1212 3794 petitum.

108 3813 325 3880 Altitudiuem
340 3824 528 3879 tamennon
544 3816 711 3897 vulgarem
724 3815 880 3878 habuisse
901 3816 1060 3897 templum
1080 3834 1214 3880 necesso

107 3924 169 3995 cst,
184 3938 259 3981 cum
274 3918 307 3980 iu
320 3935 361 3980 eo
383 3919 515 3999 signum
533 3922 635 3982 tantae
658 3917 890 4000 magnitudinis
915 3916 1119 3983 collocatum
1141 3936 1214 3982 esse

108 4021 262 4101 potuerit,
286 4024 410 4082 etcum
424 4037 457 4080 v.
477 4019 521 4084 19
535 4018 683 4082 immunia
698 4016 811 4102 templo
826 4019 1057 4103 appellentur).
1104 4018 1159 4083 De
1173 4037 1213 4084 co

109 4116 182 4182 Cic.
206 4120 247 4184 dc
263 4120 344 4185 Div.
362 4136 386 4198 r,
410 4119 454 4185 43
475 4118 603 4203 ‘quidl
627 4139 704 4184 cum
718 4117 834 4187 Gumis
848 4116 973 4204 Apollo
987 4118 1158 4186 sudavitl'
1180 4124 1215 4186 ot
