2664 4686
426 341 478 391 an
500 338 671 390 nuarnos
695 339 768 387 crs.
792 338 858 390 vrr.
1103 333 1189 400 4291

92 495 266 556 narrantur.
325 487 464 554 Festus:
497 481 899 572 ‘Ausoniam'appellavit
912 482 1031 552 susos
1045 487 1182 575 Ulyssis

92 598 119 657 a
133 590 302 674 Calypsus
314 589 404 655 tilius
415 609 490 655 eam
511 590 652 673 primam
677 594 805 672 partem
819 588 943 667 ltaliae,
967 590 1003 654 in
1026 599 1185 674 qua-sum

92 693 188 757 ntes
201 693 425 756 Beneventum
438 697 473 755 et
487 689 594 755 Cales'
614 691 691 769 (hoc
705 690 850 773 quidem,
861 695 1014 773 utsupra
1026 691 1183 773 vidimus,

92 799 197 875 recte3
230 812 306 856 nam
320 813 360 858 ea
375 794 484 859 Italiae
498 811 578 877 pars
590 792 751 857 Ausoniae
764 794 894 858 nomine
907 793 1039 876 proprie
1052 792 1188 877 insignis

92 890 190 975 luit);
224 898 234 927 ‘
249 893 368 958 deinde
388 894 548 977 paulatim
562 898 632 967 tota
644 912 778 975 qnoque
792 892 904 970 Italia,
920 913 995 977 quae
1010 892 1188 978 Apennino

92 992 210 1073 initur,
225 995 317 1059 dicta
329 1002 380 1058 cst
390 992 552 1058 Ausonia’
574 994 750 1071 (hactenus
764 1012 859 1073 vere3
882 994 941 1058 sed
954 996 1081 1079 reliqua
1093 995 1189 1060 tabu·

92 1092 177 1179 ose)
198 1098 208 1127 ‘
223 1095 395 1161 abeodem
410 1096 505 1172 duce,
531 1114 552 1158 a
575 1116 643 1178 quo
666 1097 765 1160 etiam
780 1095 949 1162 conditam
961 1097 1065 1162 fuisse
1079 1096 1189 1162 Arun-

92 1212 164 1261 ram
177 1197 292 1260 urbem
306 1195 422 1260 terunt’
437 1196 585 1273 (Suessa
594 1195 762 1274 Aurunca,
778 1182 1001 1275 abdunmcis
1015 1199 1189 1279 habitata).

92 1294 144 1360 hb
170 1296 304 1380 Ulyssis
329 1301 362 1360 et
385 1296 500 1362 Circes
525 1298 629 1361 tribus
642 1296 732 1382 tiliis
748 1296 870 1376 Romo,
884 1295 1000 1376 Antia,
1015 1305 1049 1364 et
1061 1298 1188 1378 Ardea,

92 1386 154 1462 l'res
167 1399 269 1461 urbes
284 1398 434 1462 conditas
456 1404 490 1463 et
513 1400 699 1462 nominatas
718 1397 919 1481 Xenagoras
933 1399 1111 1465 tradiderat
1132 1421 1188 1486 ap.

92 1495 235 1582 Dionys.
252 1514 276 1574 1,
290 1500 335 1562 72
347 1497 399 1582 (p.
414 1495 493 1582 ab:
517 1500 661 1564 cf.viros
676 1499 794 1564 doctos
809 1500 853 1563 ad
868 1500 1026 1584 Stephan.
1041 1497 1190 1587 in'Aptra

92 1595 267 1664 rtCluver.
280 1619 358 1684 pag.
373 1601 449 1665 976.
494 1599 648 1664 latinum
663 1600 776 1666 Circes
790 1608 824 1666 ct
843 1600 979 1684 Ulyssis
994 1601 1097 1665 filium
1114 1602 1190 1686 jam

92 1696 264 1764 Hesiodus
277 1701 423 1784 prodidit
442 1702 566 1783 Theog.
581 1702 678 1765 1011.
693 1703 790 1779 11113,
812 1701 1002 1765 Telemachi
1021 1707 1055 1766 et
1074 1702 1189 1769 Circes

92 1798 191 1865 ilium
206 1802 275 1879 alii,
289 1801 371 1867 forte
385 1803 458 1885 ipse
469 1802 656 1886 Telegoniae
669 1808 795 1880 auctor,
818 1801 971 1866 carminis
985 1804 1125 1888 cyclizi:
1154 1824 1189 1868 v.

91 1898 218 1984 Hygin.
242 1903 266 1966 t.
289 1903 366 1981 127,
387 1904 446 1967 ubi
469 1924 502 1968 v.
524 1902 636 1988 Intpp.
662 1903 738 1967 add.
765 1902 917 1987 Geopon.
944 1919 1000 1982 xr,
1015 1905 1049 1983 2,
1073 1907 1133 1972 ubi
1154 1926 1189 1970 r.

92 1999 219 2067 Nicias.
273 2002 498 2088 Corruperant
516 2005 706 2071 Telemachi
729 2024 850 2069 nomen
863 2011 897 2069 et
910 2005 1112 2072 tradiderant
1124 2008 1189 2072 Te-
1306 2007 1315 2035 ¹

92 2102 177 2186 ephi
191 2103 294 2169 filium
310 2105 379 2182 alii,
395 2126 479 2189 quos
494 2105 664 2172 Cedrenus
678 2114 812 2172 secutus
826 2112 877 2171 est
896 2126 929 2188 p.
945 2104 1010 2170 1³5
1026 2123 1061 2169 n.
1114 2106 1190 2172 Hu-

92 2203 139 2283 ius
154 2208 283 2288 generis
297 2207 401 2271 multa
422 2209 457 2271 in
481 2208 589 2290 primo
614 2209 726 2278 statim
747 2209 831 2271 libro
848 2205 1004 2288 Dionysii
1025 2210 1060 2268 et
1082 2205 1187 2274 Solin.

92 2322 163 2390 cap.
180 2306 373 2387 2cognosei
387 2314 538 2389 possunt.
589 2307 760 2368 'traducta
773 2323 905 2386 quoque
920 2324 973 2367 res
995 2304 1038 2368 ad
1059 2306 1145 2372 alios
1167 2329 1190 2374 a

92 2404 191 2491 froja
205 2425 264 2471 seu
287 2406 427 2470 reduces
449 2425 509 2469 seu
534 2404 705 2487 profugos.
759 2403 814 2467 Ita
836 2401 948 2487 Capys
970 2402 1190 2489 Campaniam

92 2506 199 2571 lenuit.
244 2505 325 2570 Alia
344 2526 378 2570 v.
403 2524 456 2588 ap.
481 2505 575 2570 Serv.
601 2503 645 2568 ad
668 2503 744 2567 AEn.
759 2520 784 2581 1,
799 2504 875 2568 246.
922 2503 1010 2582 Quae
1026 2509 1137 2571 omnia
1159 2510 1189 2574 si

92 2608 190 2673 semel
217 2607 446 2672 animadversa
472 2614 504 2671 et
529 2611 707 2690 perspecta
733 2607 898 2683 habueris,
929 2606 1031 2670 dueta
1058 2608 1117 2674 illa
1144 2630 1190 2676 cx

92 2727 192 2794 prava
204 2709 369 2791 opinione,
391 2707 450 2771 sed
470 2728 546 2771 cum
563 2710 690 2773 ratione
703 2713 803 2784 certa,
817 2709 992 2772 mularum
1005 2709 1188 2777 obscurita-

92 2818 156 2877 tum
171 2816 204 2873 et
219 2808 446 2873 difficultatum
460 2809 580 2873 nubem
594 2830 639 2873 ex
653 2816 763 2875 vetere
784 2810 921 2874 historia
942 2808 1039 2874 facile
1062 2810 1188 2896 dispul-

92 2911 438 2994 mnesseintelliges.
932 2976 938 2980 ,
1109 2958 1144 3003 Ι.
1322 2982 1326 2992 ¹

128 3008 327 3094 Quidquod
341 3012 420 3074 satis
433 3012 605 3094 probabile
619 3013 699 3074 mihi
710 3013 758 3088 fit,
767 3014 828 3074 etsi
844 3012 972 3093 aliquid
986 3032 1048 3094 pro
1061 3014 1189 3097 liquido

92 3112 307 3193 stexplorato
320 3111 355 3174 in
368 3111 432 3190 his,
448 3131 588 3194 quorum
601 3110 692 3173 nulla
713 3110 796 3174 fides
810 3109 968 3173 historica
987 3116 1048 3188 est,
1062 3112 1189 3177 tradere

92 3211 172 3307 selle
191 3212 339 3295 ineptum
366 3213 420 3290 sit,
442 3214 551 3296 ipsam
573 3212 722 3276 tabulam
747 3211 788 3275 de
811 3209 959 3275 Romulo
981 3216 1014 3274 et
1035 3210 1143 3276 Remo
1168 3232 1191 3278 a
1243 3227 1246 3239 “

92 3313 169 3399 lupa
181 3313 314 3378 lactatis
327 3334 348 3378 a
359 3315 499 3378 nominis
514 3315 778 3397 interpretatione
791 3333 866 3376 esse
887 3311 1088 3395 profectam:
1112 3333 1189 3379 nam

92 3432 233 3491 trumo,
249 3415 415 3492 seurumi,
440 3414 529 3498 quod
551 3423 647 3479 vetus
670 3435 822 3480 mammae
843 3435 962 3478 nomen
981 3419 1044 3491 est,
1066 3413 1187 3482 Romae

92 3534 206 3581 nomen
220 3514 398 3579 deduxisse
412 3517 584 3580 nonnullos
598 3517 771 3596 videmus;
804 3522 843 3582 ut
856 3517 943 3581 alios
967 3535 990 3580 a
1011 3515 1127 3580 virtute
1149 3537 1190 3583 ao

92 3614 198 3680 robore
213 3616 257 3679 ad
271 3616 429 3681 Graecam
450 3636 569 3681 vocem
591 3614 691 3702 ῥώμην.
737 3617 905 3700 Ignoratio
918 3616 1064 3699 originis,
1079 3638 1101 3682 a
1121 3639 1190 3702 qua

92 3721 208 3783 noinen
220 3717 314 3781 urhis
328 3718 463 3782 ductum
478 3723 574 3796 esset,
596 3719 763 3782 hominum
779 3717 909 3781 animos
921 3716 966 3780 ad
982 3718 1191 3807 conjecturas

92 3818 263 3896 convertit,
292 3839 368 3902 quae
392 3825 511 3904 postea
535 3821 569 3882 in
597 3821 799 3884 narrationes
826 3820 982 3884 abierant.
1038 3818 1191 3897 Quodsi

92 3937 204 3984 vermn
219 3924 269 3984 est
288 3927 320 3983 ct
341 3920 385 3984 ex
397 3923 634 4005 antiquioribus
648 3927 800 3999 sumtum,
816 3921 906 4004 quod
920 3921 1055 3986 Servius
1068 3914 1111 3982 ad
1132 3919 1190 3983 1111.

93 4034 177 4099 vrri,
197 4020 242 4086 90
267 4026 301 4086 et
326 4021 406 4084 alibi
428 4023 537 4102 habet,
558 4030 594 4089 ut
616 4024 748 4088 Tiberis
771 4024 917 4107 priscum
930 4040 1048 4087 nomen
1064 4015 1191 4083 Rrrmoa

92 4119 191 4186 tuerit
202 4124 320 4206 (neque
333 4121 413 4187 illud
438 4122 521 4189 adeo
535 4125 713 4191 abhorrens
727 4125 771 4191 ab
785 4123 1012 4207 antiquissimo
1031 4110 1190 4208 aquarum
