2664 4686
108 285 196 353 4164
441 350 445 355 ,
513 290 722 353 ’ἘΧΒΠΒΙΙΒ
744 295 800 346 lx.

110 442 207 607 peficit
230 439 288 523 ,De
318 437 416 505 poesi
445 439 545 525 epioe
571 439 730 507 adversus
755 460 816 506 eos
852 437 910 524 qui
938 436 1077 524 poetam
1106 458 1206 523 repre·

110 543 173 607 hen
195 543 297 607 erant.

512 842 792 862 Μ

418 1089 793 1172 EXCURSUS
834 1092 917 1170 lx.

468 1286 520 1339 DE
537 1285 684 1337 CLYPEO
700 1284 866 1338 ABANTIS.

157 1458 628 1546 111,asc‘uyp0um,magu
643 1461 810 1540 gestamen
822 1454 989 1527 usam·
1020 1434 1206 1536 §naum

113 1565 168 1631 ille
192 1564 247 1642 sit,
271 1561 367 1646 cujus
389 1565 569 1644 gestamen,
595 1554 721 1642 oo'puua,
746 1557 882 1640 clypeus
904 1563 985 1636 eret,
1010 1560 1096 1626 inter
1119 1561 1206 1626 inter·

113 1669 223 1746 pretes
250 1680 316 1726 nou
338 1664 480 1736 constat,
504 1665 538 1722 et
560 1677 620 1742 per
642 1677 679 1721 se
701 1675 818 1739 pamm
839 1658 935 1722 refert
962 1660 1061 1738 scire,
1083 1661 1148 1726 nisi
1170 1661 1207 1725 do

112 1765 246 1828 invento
259 1781 300 1826 ac
314 1759 464 1826 doctrina
477 1759 586 1843 potitae
600 1758 700 1822 etium
715 1758 749 1821 in
762 1759 827 1822 hoc
841 1779 988 1841 quaeras3
1011 1780 1092 1846 qum
1104 1762 1207 1846 ntique

112 1862 261 1945 honesta²
278 1864 331 1923 est
350 1859 508 1941 quaestio.
553 1857 713 1922 Serviano
735 1865 917 1924 commenta
938 1881 1057 1944 parmn
1079 1883 1117 1926 se
1140 1882 1208 1947 pro

113 1963 205 2027 bant.
248 1956 346 2025 Abos
365 1958 433 2037 ille.
452 1958 508 2043 qui
527 1978 612 2023 unus
631 1979 651 2023 o
671 1960 774 2024 sociis
796 1961 970 2045 luittsup.
995 1980 1022 2041 1,
1038 1964 1130 2044 125),
1151 1966 1210 2030 buc

113 2062 230 2130 vocari
242 2061 374 2145 nequit3
394 2078 471 2124 nam
485 2058 528 2122 de
542 2060 672 2143 spoliiS,
693 2079 767 2143 quae
788 2059 846 2123 eui
864 2081 901 2124 aa
920 2058 1050 2125 Achivis
1071 2062 1153 2128 casis
1165 2062 1211 2130 cle·

113 2172 255 2226 traxerat
270 2161 407 2240 AEneas,
420 2179 506 2233 nuuc
521 2161 638 2242 agitur.
668 2159 772 2245 Apud
787 2161 970 2227 Homerum
984 2168 1097 2228 tamen
1110 2166 1212 2232 nullus

113 2262 178 2328 boc
191 2265 321 2328 nomine
332 2262 414 2326 inter
427 2259 575 2325 Achivos
588 2262 743 2325 occurrit.
786 2261 904 2346 Itaque
917 2282 936 2326 e
952 2262 1063 2343 politis
1080 2267 1211 2348 cyclicis

8 2386 14 2405 =
115 2361 253 2426 duxisse
266 2362 371 2426 videri
385 2365 494 2444 potest
508 2358 622 2443 poeta·
668 2358 831 2442 Equidem
849 2361 928 2426 olim
947 2362 997 2424 sic
1012 2367 1212 2431 statuebam:

114 2463 382 2547 quandoquidem
396 2462 439 2524 ab
455 2460 602 2524 Homero
616 2457 787 2525 Abantum
801 2481 847 2526 ex
862 2461 994 2526 Euboea
1011 2465 1121 2530 virtus
1135 2471 1213 2533 cele·

114 2563 238 2638 bratur,
263 2562 360 2627 Iliad.
384 2568 423 2637 Β,
447 2561 513 2625 536
533 2558 620 2643 sqq.,'
643 2581 781 2643 quorum
806 2559 913 2640 Abas,
945 2563 1098 2648 Neptuni
1121 2568 1213 2645 filius,

114 2664 265 2735 conditor
292 2662 365 2738 fuit,
393 2660 595 2724 reconditam
622 2662 769 2745 aliquam
795 2665 1016 2755 narrationem
1044 2669 1080 2730 in
1109 2672 1215 2733 animo

113 2760 272 2829 habuisse
286 2763 392 2826 videri
413 2760 602 2843 Virgilium.
648 2761 740 2827 Nam
761 2765 810 2831 illi
831 2767 897 2848 ipsi
914 2764 1067 2831 Abantes
1081 2788 1105 2833 a
1117 2770 1216 2855 Troja

114 2861 255 2930 reduces
274 2863 317 2926 ad
338 2861 433 2946 Epiri
454 2861 567 2926 littora
587 2869 783 2948 tempestate
801 2866 903 2931 delati
925 2870 1016 2933 circa
1038 2869 1214 2936 Comama

116 2969 246 3029 montes
263 2963 489 3029 consederant.
512 2963 591 3030 Vid.
607 2965 752 3031 Pausan.
767 2988 800 3044 v,
816 2969 871 3045 22,
887 2970 976 3033 uude
990 2968 1152 3054 Apollou.
1169 2991 1213 3050 ιν,

101 3064 204 3130 -l214
239 3063 379 3152 Κεραύνια
404 3065 549 3144 Ἀβάντων
578 3065 681 3151 Οὔρεα.
727 3066 818 3130 Satis
838 3071 949 3152 itaque
976 3072 1130 3138 animose
1159 3077 1214 3140 sub

116 3166 246 3232 illorum
271 3168 366 3250 quasi
390 3168 498 3231 oculis
526 3173 690 3250 tropaeum
718 3168 759 3231 de
784 3166 974 3234 Abantibus
994 3177 1128 3253 statuit,
1152 3177 1213 3242 suro

117 3268 248 3350 clypeo,
262 3267 345 3331 sorte
361 3264 515 3344 Abantis,
529 3271 562 3332 iu
577 3288 688 3352 pugna
711 3269 811 3334 alimi
830 3290 874 3334 ex
896 3270 1066 3337 Abanbrm-
1078 3277 1214 3342 ducibus

118 3369 218 3430 caesis
241 3369 322 3433 inter
342 3367 469 3451 reliqua
491 3371 602 3453 spolia
630 3379 753 3454 erepto.
798 3370 901 3456 Apud
929 3373 1043 3439 Valer.
1072 3377 1127 3442 Pl„
1156 3378 1214 3443 lob

117 3467 200 3530 inter
218 3462 430 3549 Argonautas
453 3466 600 3535 Canthus
621 3492 665 3535 ex
687 3472 818 3537 Euboea
839 3471 981 3540 Abantis
1002 3480 1059 3540 avi
1077 3480 1132 3542 sui
1154 3481 1216 3564 ely

117 3585 216 3650 peum
239 3572 352 3648 gestat.
397 3568 552 3652 Suppetit
575 3574 652 3651 alia,
675 3576 793 3639 nescio-
811 3595 854 3639 an
879 3577 1095 3658 probabilior,
1118 3582 1216 3645 ratio:

119 3666 213 3733 Abas
235 3667 299 3731 luit
323 3688 366 3731 ex
392 3671 534 3752 antiquis
557 3670 755 3755 Argivomm
778 3678 922 3758 regibus,
947 3677 1074 3760 Lyncei
1099 3681 1123 3744 f.
1148 3684 1218 3767 ipsa

118 3774 212 3852 pater
237 3766 363 3834 Acrisii
388 3776 422 3834 et
450 3770 567 3851 Proeti,
592 3776 649 3856 qui
673 3777 773 3840 armis
795 3778 938 3842 interae
961 3787 1126 3844 certantes
1152 3783 1221 3867 cly-

118 3889 231 3951 peum,
252 3867 444 3952 Argolicum
465 3874 595 3951 saltem,
618 3876 829 3942 invenerunt:
851 3898 885 3942 v.
907 3875 1173 3962 Apollod.11,2‚
1188 3885 1220 3960 l,

118 3976 151 4037 et
179 3972 225 4038 ibi
250 3971 331 4039 Not.
359 3991 393 4057 p.
417 3973 595 4062 2762277.
638 3975 716 4042 Jam
746 3975 846 4059 po'e’tu
868 3984 927 4046 aut
952 3987 1131 4064 acceperat
1158 3983 1221 4054 hoc
