2664 4686
536 337 737 388 mlum!
757 338 785 387 Ι.

432 611 810 690 EXCURSUS
852 615 891 690 l.

368 803 443 869 An
473 802 732 871 AENEIDOS
765 804 871 872 Llll.
907 804 955 873 V,

323 981 441 1032 suna
459 981 572 1034 ENBAE
587 981 744 1034 soemo
760 981 815 1033 ΔΙ)
828 979 1009 1033 simula

118 1107 186 1175 Bra
209 1111 350 1180 AEncam
372 1113 415 1179 ad
437 1113 586 1181 Siciliam
603 1116 788 1181 accessisse
811 1118 926 1177 narrat
946 1109 1066 1197 polite,
1080 1113 1203 1197 primu

115 1232 193 1277 cum
205 1213 298 1279 littus
313 1213 422 1280 Italiae
435 1216 599 1281 inferioris
612 1223 645 1280 et
658 1214 785 1280 Sicilioe
807 1213 963 1279 orientale
977 1220 1206 1296 promen

117 1313 265 1398 Drepani
286 1322 416 1400 portum
438 1318 601 1398 intrasset,
614 1317 673 1382 lib.
689 1314 837 1394 utam.
859 1313 937 1379 add.
952 1312 1102 1400 Dion5s.
1117 1314 1207 1394 r,tt;
1253 1336 1255 1351 ·

115 1415 383 1495 etiterum,cnrn
405 1415 601 1500 Carthagine
621 1425 657 1482 et
676 1419 721 1482 ab
741 1415 867 1482 Airicae
888 1415 1209 1493 littoreevectnaut

116 1515 248 1582 Italiam
261 1523 396 1603 peteret,
410 1520 518 1584 ventis
530 1519 681 1585 adversis
695 1518 739 1601 ad
760 1518 889 1583 Siciliae
902 1517 995 1581 littus
1009 1516 1207 1582 occidentale

115 1621 367 1705 esselrejeetus.
409 1617 558 1685 Tenebat
578 1626 647 1684 tum
668 1620 728 1684 illa
748 1617 827 1684 loca
848 1616 982 1694 Acestes,
999 1625 1041 1683 ut
1053 1614 1208 1702 Virgilius

115 1718 241 1794 scribit,
256 1719 309 1784 vel
324 1719 473 1800 Egestes,
487 1719 642 1802 Egestas,
656 1740 678 1784 a
691 1739 759 1804 quo
772 1721 852 1782 urbs
864 1715 994 1804 Egesta,
1008 1716 1153 1804 AEgestn,
1162 1718 1210 1783 rel

116 1812 242 1900 Segesta
268 1820 431 1904 appellari
453 1821 558 1903 coepit
580 1816 631 1906 (r.
654 1826 733 1903 post
755 1819 839 1884 alios
864 1826 899 1885 et
922 1819 1152 1886 Rormannnrn
1170 1821 1210 1886 ad

76 1928 82 1944 “
116 1913 281 1981 Numism.
304 1918 373 1984 Sic.
394 1941 430 2004 p.
445 1920 511 1985 394
537 1918 733 1984 Ecltbelium
753 1922 786 1984 in
808 1919 969 1985 Doctrina
990 1919 1136 1986 Numer,
1150 1927 1210 1986 vet.

115 2014 194 2082 Vol.
209 2033 234 2096 1,
247 2038 281 2101 p.
296 2016 398 2102 aad„
419 2019 562 2101 Virgilio
578 2019 689 2084 Acesta
708 2038 741 2097 v,
756 2019 833 2098 718,
855 2019 947 2104 qnod
967 2027 1082 2086 tamen
1096 2041 1211 2087 nornen

114 2123 148 2180 et
162 2117 349 2203 Stephanus
364 2117 754 2205 Byz.hubetin'1lxim.
798 2120 854 2185 Ab
867 2121 932 2186 hoc
947 2120 1074 2187 Aceste
1088 2120 1213 2187 M

116 2219 254 2302 benigne
281 2222 428 2305 bospitio
455 2228 617 2304 exceptus
644 2223 755 2286 socios
783 2227 817 2285 et
837 2239 941 2285 nares
964 2220 1093 2286 reiecit.
1137 2218 1214 2286 Erat

114 2321 201 2383 onim
228 2322 283 2385 ille
303 2321 458 2406 'Trojano
485 2310 643 2404 sanguine
670 2321 838 2399 oriundus,
868 2323 993 2406 qnippe
1022 2342 1043 2386 e
1070 2322 1214 2408 'l'rnjm

115 2419 262 2499 foemina,
277 2420 319 2484 de
334 2441 402 2505 qua
422 2425 512 2486 varie
532 2422 682 2500 traditur,
703 2424 739 2485 in
760 2421 912 2487 Siciliam
932 2420 1044 2487 delata
1061 2432 1096 2489 et
1110 2443 1133 2489 a
1147 2423 1226 2489 ce·-

114 2521 200 2586 miso
215 2523 318 2589 lluvio
336 2541 537 2604 compressa,
552 2531 744 2607 susceptus:
767 2543 801 2588 v.
817 2541 853 2601 v,
865 2524 920 2588 38.
934 2525 979 2589 39
1000 2523 1131 2590 ‘'lboia
1144 2523 1217 2591 Cri·-

114 2622 199 2687 miso
222 2629 415 2704 conceptum
438 2623 571 2687 flumine
593 2633 696 2690 mater
711 2624 834 2704 ,Quem
858 2626 1000 2706 genuit:'
1026 2646 1106 2710 quae
1136 2627 1214 2692 anti·

112 2721 272 2803 quissima
299 2724 421 2804 ignote
449 2724 563 2805 stirpis
591 2723 793 2789 deducendae
821 2726 907 2789 ratio
939 2732 1001 2802 est,
1029 2733 1069 2791 ut
1096 2744 1214 2811 paruis

111 2821 228 2886 edatur
240 2823 361 2887 llnvius
375 2825 446 2909 ejus
460 2830 565 2902 terrae,
580 2827 617 2889 in
637 2847 704 2909 qua
724 2846 802 2909 gens
823 2827 939 2911 aliqua
959 2826 1073 2891 sedern
1085 2828 1211 2893 habuit.

111 2921 232 3007 Itaque
247 2929 257 2958 ‘
272 2924 393 2990 divinae
408 2927 518 3010 stirpis
532 2924 682 2992 Acestes'
696 2928 880 3011 appellatur
894 2943 930 3004 ν,
941 2928 1019 2992 711.
1066 2926 1214 2994 Fabulae

110 3022 152 3086 de
179 3025 303 3093 Aceste
325 3030 446 3113 plures,
471 3029 514 3093 ad
542 3048 626 3114 quas
650 3029 741 3093 numi
768 3046 900 3112 quoque
923 3029 1014 3111 apud
1040 3027 1209 3108 Pamtarn,

111 3127 321 3208 Dorvillium,
346 3129 532 3214 Principem
553 3129 783 3205 Torremuzza,
806 3132 839 3192 et
860 3147 946 3191 nunc
968 3129 1061 3212 apud
1086 3128 1212 3195 Eckbe-

111 3229 193 3291 lium
208 3231 364 3307 alludunt,
383 3230 460 3294 vide
482 3230 573 3313 apud
596 3230 686 3294 Serv.
701 3230 745 3293 ad
763 3248 787 3306 1,
803 3231 868 3293 554
893 3247 928 3305 ν,
943 3230 997 3294 30.
1042 3224 1125 3296 A'lia
1139 3252 1213 3297 con·

112 3331 216 3409 gessit
236 3329 367 3393 Cluver.
391 3329 483 3394 Sicil.
503 3337 568 3395 ant.
585 3330 674 3406 11‚2.
719 3329 787 3392 Sed
811 3331 845 3393 in
867 3348 998 3393 summa
1022 3329 1212 3398 diversitate

111 3447 292 3492 consensus
319 3430 358 3493 fit
381 3431 416 3493 iu
445 3431 519 3508 hoc,
543 3433 633 3495 urbis
658 3432 803 3514 Segestae
829 3430 1030 3495 conditorem
1052 3432 1211 3497 creditum

110 3547 187 3591 csse
200 3530 389 3615 Trojanum‚
404 3539 438 3595 et
451 3532 614 3616 Trojauos
629 3534 767 3597 colonos
784 3533 948 3596 veteribus
964 3531 1101 3595 Sicanis
1115 3535 1151 3597 iu
1163 3533 1212 3598 bis

106 3631 196 3695 locis
209 3633 312 3695 fuisse
327 3630 503 3696 admixtos.
549 3632 641 3698 Nota
654 3654 707 3698 res
721 3634 774 3699 vel
788 3653 831 3696 ex
847 3631 956 3698 Cicer.
977 3633 1078 3698 Verr.
1095 3651 1147 3713 tv,
1160 3635 1212 3700 33.

109 3732 311 3817 (Accessere
332 3753 413 3797 mox
435 3733 547 3800 Graeci
567 3736 697 3800 coloni:
721 3735 779 3798 sed
800 3736 854 3799 vel
876 3736 925 3798 sic
948 3736 1039 3818 apud
1061 3735 1211 3821 llrucyd.

112 3854 161 3914 vr,
183 3837 225 3900 ll
248 3835 368 3899 Nicias
389 3854 448 3898 eos
469 3836 628 3899 barbaros
651 3835 797 3918 appellat
819 3835 881 3922 regi
903 3833 1086 3919 'hyemales
1112 3839 1212 3923 ἀνδρῶν

109 3938 272 4028 βαρβάρων·
295 3944 328 4002 et
349 3939 397 4000 sic
418 3957 469 4000 res
491 3924 662 4002 se‘habuit
682 3938 716 4001 in
739 3939 905 4023 plerisque
929 3941 1055 4005 Siculis
1068 3943 1211 4007 civitati·

109 4039 190 4119 bus3
214 4061 290 4124 quae
305 4057 356 4102 res
370 4037 608 4100 dissensionum
630 4038 778 4100 civilium
800 4047 957 4123 perpetua
976 4061 1081 4105 causa
1095 4048 1129 4106 et
1142 4044 1211 4106 fons

40 4208 43 4214 .
111 4144 191 4213 crat,
205 4140 273 4205 vid.
289 4139 370 4206 ibid.
392 4135 506 4222 e17).
551 4138 656 4205 Recte
678 4138 781 4205 Silius
804 4157 886 4222 xiv,
908 4143 955 4207 45
976 4142 1209 4210 ‘Miseno-runt
