2664 4686
424 342 475 399 an
498 336 670 400 marinos
695 350 767 400 ms.
792 351 833 401 n.
1093 334 1183 400 4110

390 708 736 799 EXCURSUS
774 722 856 797 Χία

465 952 516 1001 ns
531 940 667 1003 antam
686 952 791 1004 usca.

110 1142 237 1221 meno
259 1136 271 1177 '‘
283 1122 438 1209 Vorsitan
463 1151 497 1209 et
515 1133 643 1211 Priami
666 1146 786 1215 suerint
812 1156 889 1230 quaa
909 1144 980 1210 iata
1006 1138 1179 1228 requiras?

67 1241 184 1309 Etiam
197 1262 299 1328 super
313 1245 440 1309 Priami
453 1247 544 1312 oaede
554 1248 752 1315 narrationis
766 1250 830 1315 fuit
840 1249 1028 1313 diversitas.
1050 1244 1176 1327 Aibat,

67 1346 129 1428 qai
157 1344 290 1429 singula
316 1365 517 1429 cognoscere
555 1350 658 1433 cupit,
688 1349 849 1429 Servium,
885 1348 1052 1432 Pompon.
1083 1345 1176 1425 Sub,

65 1442 230 1524 Quintum
242 1463 327 1524 1111,
340 1447 514 1512 220-241
536 1468 610 1534 sqq.
653 1446 867 1516 Abstraotom
893 1451 935 1515 ab
950 1466 1009 1513 ara
1023 1445 1067 1511 ad
1088 1446 1177 1513 sores

63 1546 173 1633 regias
200 1566 223 1612 a
249 1546 475 1633 Neoptolemo
504 1569 629 1615 eaesum
654 1551 800 1618 lesches
827 1553 1035 1615 narraverat:
1056 1552 1095 1612 ut
1121 1550 1174 1613 est

64 1648 157 1737 apud
169 1648 316 1714 Pausan.
339 1649 442 1728 VM,
457 1670 490 1734 p.
505 1651 580 1716 866.
624 1640 787 1734 Virgilius
809 1650 979 1732 vulgarem
999 1648 1172 1727 rationem

64 1766 144 1833 quse
157 1754 271 1814 tamen
285 1768 361 1814 eum
380 1750 484 1814 altera
499 1751 671 1845 conciliari
681 1757 801 1835 potest,
816 1750 974 1835 seqnitur,
990 1748 1087 1834 cujus
1100 1746 1176 1812 inn-

63 1849 143 1915 dnm
163 1848 269 1915 fuisse
293 1838 382 1940 ’laiso
402 1849 500 1936 ripen
515 1848 645 1918 Aretini
665 1873 754 1919 nunc
775 1872 819 1917 ex
833 1850 958 1916 Proclo
984 1850 1174 1935 comperiet

61 1948 187 2015 efimie
201 1958 315 2018 tamen
329 1954 441 2018 omnia
462 1957 600 2019 ornavit
645 1955 713 2020 Sed
727 1956 770 2018 ab
785 1952 945 2038 Euripide
957 1950 1083 2017 head.
1095 1952 1173 2019 479.

61 2050 126 2116 481
149 2069 244 2136 seqq.
270 2057 436 2117 mutuatus
457 2043 508 2119 est
521 2076 574 2134 ea,
589 2076 664 2141 quae
680 2056 722 2120 de
740 2052 872 2118 Hecube
885 2054 1061 2121 old-626
1081 2070 1174 2137 ομο-

61 2152 111 2233 gie
124 2149 172 2216 ad
195 2152 439 2217 miserationem
461 2153 539 2219 lietu
559 2163 645 2234 sunt,
661 2156 759 2220 simul
779 2162 888 2221 tamen
913 2152 1056 2219 Homeri
1070 2150 1173 2221 ductu

60 2248 162 2315 Iliad.
176 2256 220 2329 n,
234 2252 301 2317 200
313 2271 386 2336 sqq.
408 2256 488 2330 (non
502 2275 547 2319 ex
565 2253 664 2321 Iliad.
680 2262 721 2334 ll,
736 2258 803 2320 108
816 2257 916 2338 sqq.),
937 2255 996 2318 ubi
1015 2250 1172 2323 Pnamna

59 2349 104 2417 ad
117 2349 320 2418 Aciroeormn
331 2359 443 2418 castra
454 2355 516 2418 iter
529 2361 756 2439 suscepturae,
771 2360 838 2419 stat
852 2355 878 2416 ίν
888 2350 971 2439 μίσφ·
978 2346 1054 2443 lquor
1062 2354 1172 2425 libans

58 2459 91 2520 et
104 2472 225 2539 praees
246 2452 372 2533 faciem
397 2454 441 2519 ad
454 2454 586 2520 lovem.
633 2452 749 2519 Polite
771 2455 897 2521 caedem
910 2462 1171 2523 memoraverunt

59 2562 88 2620 et
101 2555 177 2634 alii,
189 2560 231 2619 ut
243 2573 263 2618 e
275 2551 413 2632 Quinto.
431 2553 503 2619 Cal.
516 2572 603 2634 1111,
617 2556 683 2620 214
697 2557 896 2639 intelligimr,
910 2562 944 2620 et
968 2556 1051 2621 ierte
1063 2558 1170 2640 primo

58 2652 133 2723 loeo
143 2655 354 2722 Stemchoms
367 2659 401 2721 in
413 2656 502 2720 ’latre
512 2655 619 2742 ripen,
630 2664 668 2724 nt
681 2679 726 2724 ex
736 2658 868 2722 Tabula
877 2657 984 2722 lliaca
994 2658 1168 2742 conjicias,

59 2777 134 2842 quas
147 2764 255 2825 totam
268 2760 334 2825 hoc
350 2759 475 2825 iactum
489 2761 606 2826 eodem
621 2762 733 2839 modo,
749 2766 788 2826 ut
800 2760 973 2845 Virgilius,
988 2760 1120 2825 exhibet
1132 2780 1166 2825 n.

59 2859 132 2925 1⁰5.
154 2860 231 2926 106.
275 2860 368 2926 Nam
384 2857 512 2925 Larodes
526 2863 568 2925 de
584 2861 719 2926 Priamo
736 2861 831 2925 aliter
843 2859 1032 2938 tradiderat,
1046 2867 1085 2924 ut
1093 2861 1167 2945 jam

59 2979 98 3030 ex
123 2958 231 3026 Paua.
256 2978 296 3039 x,
312 2963 356 3027 27
377 2964 578 3026 notavimus.
632 2961 719 3039 Quae
747 2979 827 3025 vero
852 2960 895 3024 ad
921 2961 1167 3025 miserationem

62 3059 159 3143 poeta
171 3068 366 3144 comparata
379 3063 588 3145 interposuit,
603 3081 671 3124 non
689 3062 770 3125 alibi
795 3061 944 3140 invenio;
966 3062 1028 3124 etsi
1043 3061 1167 3124 oratio·

62 3178 129 3226 nam
143 3159 276 3225 Priami
299 3162 343 3225 ad
359 3160 522 3245 Pyrrhum
535 3162 684 3225 habitam
707 3162 823 3225 recitat
848 3158 964 3236 Quint.
980 3158 1053 3221 Cal.
1078 3175 1166 3223 xnr.

63 3260 121 3327 225
133 3281 212 3346 sqq.
255 3261 505 3346 Tryphiodorus
516 3261 774 3328 affectuminfert
786 3280 852 3326 non
865 3259 953 3323 male
967 3259 1075 3324 ndssd
1088 3281 1164 3344 sqq.

62 3360 162 3428 'Porro
203 3360 358 3427 Priamus
380 3362 424 3426 od
452 3385 541 3427 arum
572 3360 662 3426 Joois
686 3361 803 3426 Hercei
832 3357 990 3448 (Ἑρκείου)
1012 3360 1163 3441 caeditur,

66 3463 221 3529 mmmm
243 3461 417 3546 politanas
436 3469 471 3529 et
493 3465 778 3547 grammaticorum
806 3463 1002 3528 narratione.
1047 3460 1114 3526 Sed
1129 3463 1164 3527 iu

21 3558 25 3565 ’
67 3559 116 3628 lac
130 3562 311 3629 difficultas
334 3567 485 3629 occurrit.
530 3564 674 3630 Veteres
693 3565 781 3629 enim
804 3561 917 3627 Graeei
932 3582 1006 3626 eam
1031 3559 1065 3623 in
1088 3561 1163 3625 unte

70 3664 120 3727 snb
139 3664 197 3730 dio
210 3666 359 3750 positam
372 3673 565 3732 memorant.
613 3664 726 3732 Athen.
750 3683 800 3744 ιν,
815 3684 849 3748 p.
872 3664 936 3729 180
955 3660 1115 3751 είομηρος
1135 3667 1163 3730 a

72 3767 205 3847 τίνωίλῆυ
220 3767 264 3830 ad
283 3766 381 3831 τάττει
397 3767 440 3829 ad
455 3774 510 3832 τῶν
522 3766 658 3855 ὑπαίθρων
671 3767 771 3830 τόκων.
791 3767 882 3829 Ἔνθα
896 3762 927 3842 ἦν
939 3768 952 3826 d
963 3770 1012 3828 τοῦ
1034 3765 1162 3853 Ἑρκείου

76 3868 144 3944 ieris
165 3870 274 3955 βομίς.
295 3872 439 3951 (scilieet
463 3872 553 3956 apud
576 3865 760 3937 Homerum
780 3869 840 3953 qui
861 3866 954 3934 aedes
967 3869 1079 3944 intrat,
1093 3868 1161 3951 pri·

75 3988 146 4041 nun
161 3971 252 4061 ἔρως,
273 3974 385 4051 inhoe
398 3977 487 4052 αὐλὴν
512 3976 613 4054 subit,
633 3980 703 4041 tum
726 3971 871 4060 πρόθυμον,
895 3972 1026 4041 tandem
1045 3969 1089 4035 ad
1112 3967 1163 4031 ii-

79 4080 149 4153 >epo
162 4077 338 4162 proaedit).
381 4075 472 4145 Vide
486 4076 601 4161 Eurip.
615 4074 736 4143 ‘I'roed
751 4076 826 4142 482.
840 4072 916 4140 483.
944 4072 1090 4137 Pausan.
1106 4085 1158 4147 rv,

80 4169 119 4255 1⁷,
136 4198 168 4262 p.
179 4180 257 4251 821.
271 4197 311 4262 n,
326 4180 381 4249 ⁸26·
395 4200 431 4265 p.
444 4180 521 4262 810,
537 4179 622 4249 adde
636 4196 677 4260 n,
691 4179 735 4246 24
755 4177 826 4257 (ubi
840 4177 962 4252 narrat,
975 4169 1075 4239 lovis
1099 4168 1160 4237 hu-
