2664 4686
116 309 203 375 4196
334 284 338 293 ’
544 320 745 375 excursus
767 320 803 374 ν.

116 472 195 538 Diis
209 486 281 534 esse
296 472 435 551 raptum.
479 465 579 533 Cous.
595 469 639 534 ad
652 466 811 552 Apollod.
823 490 902 554 pag.
916 471 1040 538 51113.
1086 470 1207 540 Cretica

117 575 248 639 omnino
262 572 409 636 fabulam
422 589 496 634 esse
511 571 646 654 originis
667 571 829 636 discimus
843 592 863 636 e
877 572 937 638 lib.
954 574 1026 638 rdo
1042 573 1132 659 Rep.
1147 575 1206 640 Ple

117 676 202 740 tonis
217 694 294 758 pag.
309 673 385 738 636.
431 673 467 737 Si
489 679 599 738 tamen
621 672 808 738 Homerum
830 674 962 754 audias,
981 675 1140 760 'liojauae
1159 677 1207 741 ori

118 776 204 858 ginis
218 774 370 840 habenda
382 774 441 838 illa
454 792 528 838 esse
543 774 670 839 videtur
684 773 782 838 Iliad.
797 783 836 853 Ε,
850 776 917 841 265
930 796 980 860 sq.
997 784 1032 856 r,
1040 777 1206 844 &tl-235,

118 875 283 943 Disertior
296 882 347 942 est
360 877 501 975 narratio
514 877 547 941 in
564 876 702 961 Hymno
715 877 751 939 in
766 876 852 942 Veu.
866 878 933 943 203
947 897 1000 963 sq.

521 1195 816 1212 m

447 1427 790 1508 EXCURSUS
836 1432 886 1504 V·

506 1638 558 1687 DE
574 1635 677 1688 LUDO
694 1637 831 1690 TROJAE.

159 1811 195 1870 r,
211 1794 276 1858 545
290 1811 365 1876 sqq.
397 1789 453 1854 En
469 1791 744 1855 elaboratissimis
768 1791 878 1877 poetae
896 1792 981 1856 locis
995 1810 1072 1857 esse
1085 1792 1205 1857 arbitror

110 1898 226 1963 locum
247 1894 335 1957 huuc
357 1891 399 1955 de
422 1890 516 1955 Ludo
542 1890 666 1975 Trojae,
691 1896 760 1976 quo
784 1893 947 1957 Romanis
973 1896 1046 1958 suis
1071 1894 1205 1979 inprimis

114 1998 256 2084 probare
270 1994 382 2058 debuit
402 1993 489 2056 bunc
513 1993 644 2071 librum,
661 2014 737 2058 cum
751 1994 915 2059 ludicrum
928 1996 1005 2071 hoc,
1018 1996 1207 2079 pernobile

114 2118 237 2183 pueros
259 2090 460 2184 (εὐπατρίδας)
475 2094 631 2159 celebrari
652 2096 798 2174 solitmn,
818 2116 946 2161 summo
966 2097 1143 2162 haberetur
1163 2097 1209 2160 bo

32 2256 39 2267 .
112 2220 204 2279 nore,
220 2199 411 2283 sepiusque
424 2197 468 2260 ab
482 2193 634 2278 Augusto
656 2201 745 2260 esset
769 2198 963 2263 exhibitum.
1009 2196 1111 2263 Cous.
1131 2197 1209 2262 Suet.

113 2301 202 2384 Aug.
215 2302 270 2365 43.
287 2299 389 2364 Dion.
406 2313 544 2375 xnvln,
559 2297 613 2361 20.
636 2314 748 2376 11111,
762 2299 807 2363 43
821 2304 855 2362 et
868 2301 959 2363 viros
973 2298 1150 2364 doctosad
1162 2299 1212 2366 1111

114 2404 247 2485 alioque
261 2401 348 2465 loca.
391 2398 489 2464 Vidit
501 2418 634 2483 quoque
658 2405 753 2464 acute
777 2400 905 2464 Eckhel
927 2403 1122 2465 memoriam
1146 2401 1213 2466 talis

113 2504 184 2570 ludi
208 2506 242 2568 in
264 2522 363 2567 numo
388 2501 463 2565 Caii
488 2499 634 2566 Caesaris
656 2501 799 2566 servari:
824 2502 982 2566 Doctrina
1002 2521 1136 2569 uumor.
1155 2508 1213 2568 vet

113 2606 192 2672 Vol.
208 2622 259 2681 vr,
275 2624 309 2687 p.
324 2605 400 2668 lto
444 2602 594 2666 Doctum
607 2605 722 2687 utiquc
736 2604 818 2668 illud
833 2605 876 2668 ab
892 2604 1030 2686 antiqua
1044 2605 1214 2669 saltatione

113 2711 250 2782 armata,
264 2703 449 2787 pyrrhiche,
472 2701 590 2792 dfxieq
616 2700 733 2787 ἐνόπλῳ,
761 2705 856 2788 eujus
876 2704 1035 2786 originem
1059 2703 1216 2770 excreta

112 2812 224 2893 petere
248 2805 355 2868 solent
380 2805 579 2887 scriptores3
600 2807 664 2868 etsi
682 2806 742 2869 illa
763 2807 896 2870 omuino
915 2805 1037 2888 priscae
1051 2805 1216 2871 homiuum

112 2911 193 2975 vitae
208 2908 244 2971 in
259 2906 396 2972 Graecia
409 2908 593 2970 commutis
606 2926 682 2970 esse
699 2907 823 2971 debuit.
868 2905 970 2987 Quod
983 2909 1015 2970 si
1027 2926 1049 2970 a
1064 2905 1216 2994 'liojanis

112 3010 317 3096 temporibus
342 3007 519 3074 deductum
544 3010 625 3074 illud
651 3015 712 3086 est,
737 3010 851 3076 debuit
880 3008 1027 3091 profecto
1054 3011 1100 3074 ab
1124 3011 1216 3074 initio

112 3114 226 3181 curule
239 3131 324 3178 esse.
369 3111 474 3194 Equis
497 3113 585 3189 enim
609 3112 703 3175 aliter
728 3112 787 3174 illa
812 3116 909 3175 aetate
931 3111 980 3174 uti
998 3112 1217 3190 nescivenmt,

83 3250 87 3259 =
110 3223 148 3282 ut
159 3217 240 3281 satis
255 3235 299 3279 ex
314 3213 465 3276 Homero
480 3212 596 3294 liquet.
643 3211 769 3275 Debuit
791 3213 890 3275 etiam
911 3211 1043 3294 exejus
1058 3214 1216 3296 temporis

110 3337 199 3381 more
227 3335 303 3378 cum
323 3314 437 3394 auriga
460 3312 610 3375 insistere
635 3313 745 3375 currui
768 3309 948 3397 παραβάτης,
970 3317 1008 3375 11
1029 3331 1092 3393 per
1111 3319 1217 3378 totmn

111 3417 296 3481 Homerum
324 3414 393 3476 fieri
423 3413 526 3492 solet3
558 3414 644 3477 unde
668 3414 732 3478 hoc
760 3413 931 3496 aurigandi
959 3431 1062 3495 genus
1094 3417 1216 3500 Τρωῑκιὶν

110 3513 238 3601 διφρείαν
247 3514 435 3598 appellasse
449 3512 617 3595 putandus
628 3514 819 3599 Xenophon
831 3513 957 3597 Cyrop.
972 3529 1021 3590 11,
1037 3533 1072 3597 p.
1084 3515 1152 3582 322
1164 3515 1216 3581 ed.

75 3660 77 3665 ν
110 3617 215 3683 Iaond.
273 3614 505 3697 Quaecumque
533 3615 665 3679 taudem
692 3637 798 3681 rerum
826 3617 991 3698 morisque
1011 3616 1217 3682 'vicissitudo

108 3719 216 3795 fuerit,
231 3717 274 3780 ad
287 3715 402 3780 ludum
416 3722 597 3800 equestrem
613 3720 772 3782 nobilium
795 3736 969 3801 puerorum
991 3736 1044 3780 res
1067 3716 1216 3795 deflexit,

109 3840 179 3903 quo
193 3819 299 3902 primo
314 3816 471 3880 decursus
486 3824 636 3898 equester
655 3820 825 3901 agebatur,
842 3827 910 3882 tum
932 3819 1083 3909 praelium
1096 3838 1217 3903 eques·

108 3926 157 3987 tre
185 3919 453 3984 adumbrabatur.
499 3918 547 3982 Ut
567 3925 675 3983 autem
698 3919 808 4003 poetae
832 3921 866 3983 iu
888 3918 1086 3984 inveniendo
1111 3920 1215 3986 artifi-

109 4024 196 4086 cium
224 4028 312 4086 recte
341 4027 463 4095 teneas,
487 4021 663 4086 tenendum
684 4028 748 4099 esu
773 4021 950 4103 Virgilium
972 4039 1037 4085 nou
1064 4023 1214 4104 attigisse

107 4119 285 4190 decursum
299 4126 498 4189 armatorum
512 4125 603 4190 circa
616 4124 788 4202 tumulum,
803 4143 904 4207 quem
920 4122 1079 4207 antiquus
1091 4121 1213 4189 suumin
