2664 4686
107 258 198 359 W
433 303 628 354 RBORNSU!
656 301 877 356 soluturum

108 447 439 521 nxuaoemaoet:
474 446 1069 536 Plurimuexempheornmqnoein
1082 451 1222 523 sulib

113 552 314 629 Dodoniana
346 550 471 616 menda
495 560 583 628 tunt,
612 552 743 635 prebet
774 550 892 619 Didot.
943 551 1101 621 Etltinc
1129 554 1220 623 etur

109 651 306 719 addendes
340 673 414 718 suas
450 653 605 718 editionis
631 653 911 738 mulgendas,
940 653 989 720 de
1020 674 1097 741 qm
1118 656 1221 724 a&

109 754 279 824 curiosus:
302 754 995 839 ‘vigiliiscuraquenonleriiretumaed
1018 757 1220 844 adbucper·

109 855 258 939 spicacis
279 857 413 921 lectoris
441 857 654 938 sagacitatem
681 855 909 936 reformidans,
922 859 972 923 ob
988 861 1221 947 omnistypo·

109 957 269 1040 graphice
283 956 402 1024 mendo
416 962 587 1042 purgatam
600 956 708 1022 ausim
723 958 959 1040 pronuntiare!

152 1057 388 1145 Adjiciendum
401 1066 462 1137 est,
482 1060 778 1143 interpunctionem
798 1078 875 1125 csse
901 1062 1222 1142 exactissimum&

6 1141 13 1159 ’
109 1178 216 1226 novos
239 1168 350 1246 typos,
375 1164 477 1226 immo
501 1167 540 1227 ut
561 1161 669 1227 Didot
688 1163 762 1245 ipsa
787 1159 939 1241 affirmat,
957 1167 968 1199 ‘
984 1170 1144 1231 nouerim
1163 1165 1222 1231 bne

110 1280 217 1347 usque
241 1265 388 1328 omnium
415 1262 699 1346 elegantissimos,'
726 1264 809 1329 banc
838 1263 1026 1330 editionem
1048 1266 1222 1347 exhibeam

110 1365 291 1448 pumssima
304 1373 338 1433 et
350 1365 586 1439 candidissima
604 1365 718 1431 oborta
737 1366 907 1443 nitentem,
922 1373 956 1430 et
969 1369 1099 1451 viginti
1121 1369 1222 1435 aton

112 1468 210 1537 mus
225 1469 360 1547 tabidis,
382 1472 452 1533 arte
464 1486 595 1535 summa
614 1468 743 1545 incisis,
765 1472 799 1532 et
812 1468 858 1532 ab
870 1468 1010 1535 eximiis
1024 1472 1220 1555 pictoribus,

113 1566 241 1642 (ierac
261 1575 296 1639 et
316 1569 457 1637 Girodet
482 1568 644 1656 (Davidis
671 1569 860 1653 discipulis,
881 1575 917 1634 et
938 1572 972 1635 ei
995 1573 1221 1655 proximosin

114 1675 185 1737 arte
196 1691 258 1739 aare
270 1672 411 1739 bonores
425 1668 688 1754 occupantibus)
697 1670 902 1737 elaboratam
912 1677 950 1737 et
962 1674 1184 1758 perpolitam.

155 1771 212 1854 Ex
234 1773 417 1855 praemissis
440 1772 615 1850 constabit,
636 1772 722 1836 banc
752 1771 932 1839 editionem
960 1792 1039 1840 esse
1061 1775 1220 1841 admirun-

112 1872 347 1957 dematque
368 1874 479 1937 minus
501 1892 560 1940 eos
582 1873 680 1938 flores
703 1875 758 1940 vel
781 1874 921 1954 fructus,
935 1877 1062 1960 quibus
1074 1877 1220 1943 homines

112 1977 201 2055 conti
224 1981 258 2043 et
281 1977 390 2043 critici
410 1976 500 2040 naris
511 1974 673 2040 oblectari
695 1975 814 2054 solent,
839 1979 970 2057 emittit,
984 1996 1030 2044 eo
1044 1980 1220 2063 magiseas

112 2075 435 2160 illecebras„quibus
454 2094 550 2140 suam
564 2075 640 2140 aliis
654 2078 851 2160 praestitisse
868 2077 1074 2146 editionibus
1097 2100 1172 2167 pre
1183 2099 1220 2147 sc

112 2177 176 2247 tert
184 2177 300 2258 Didot,
309 2177 472 2258 redolere;
485 2179 587 2242 immo
597 2176 826 2260 dignissimam
836 2181 988 2246 erasisse
995 2201 1077 2266 qnae
1085 2202 1221 2266 magna·

113 2287 183 2347 tum
203 2281 459 2365 principumque
486 2277 620 2360 κειμῆλια
642 2285 676 2344 et
697 2280 919 2348 bibliothecas
942 2285 1101 2366 publicas
1118 2291 1220 2363 ornet,

113 2383 239 2467 quippe
263 2386 307 2448 ob
329 2383 606 2467 pulchritudinem
641 2389 674 2447 et
703 2383 980 2465 magnificentiam
1000 2388 1087 2451 inter
1108 2405 1220 2453 ornnes

115 2483 307 2551 Latinorum
322 2483 494 2569 poetarum
509 2484 671 2573 editiones
686 2484 784 2548 facile
798 2485 968 2568 princeps.

114 2587 202 2653 1799
223 2587 265 2650 Ρ.
281 2586 326 2651 V.
340 2585 390 2651 M.
415 2585 539 2671 Opera.
583 2585 672 2652 Cura
699 2586 855 2652 Hunteri.
882 2585 1219 2673 Andreopol.12mo.

158 2687 245 2753 1799
258 2687 280 2750 2
295 2686 379 2750 vols.
1118 2718 1122 2725 ·

159 2787 248 2852 Haec
269 2785 371 2850 editio
386 2785 689 2870 Andreopoliensis,
715 2789 745 2852 si
770 2789 823 2854 las
846 2789 892 2854 sit
913 2790 1096 2874 conjicere,
1120 2789 1218 2857 udin-

114 2893 305 2974 burgensem
328 2889 475 2954 aemulari
504 2890 738 2968 constituebat,
769 2898 813 2969 et,
842 2897 881 2957 ut
908 2912 1024 2956 verum
1047 2894 1217 2972 luteumtm

113 2995 211 3076 louge
225 2993 415 3076 superabat.
460 2990 550 3055 Haec
566 2992 728 3056 immerito
743 2992 858 3070 audiit,
882 2993 993 3076 quoad
1008 2993 1129 3083 typicor
1139 3015 1218 3058 erro·

113 3115 174 3173 rer,
188 3090 404 3160 immaculata:
427 3093 499 3170 illa,
523 3094 551 3158 si
570 3093 636 3158 hoc
651 3094 762 3158 dicere
775 3095 886 3172 liceat,
902 3101 954 3160 est
968 3092 1061 3181 longe
1075 3095 1219 3161 immacu·

116 3194 225 3258 latior.

159 3296 344 3376 Hunterus,
359 3299 404 3362 ob
428 3296 573 3362 lecturas
589 3296 797 3381 Andreopoli
818 3297 960 3375 habitas,
974 3298 1172 3384 philologici
1189 3306 1221 3365 et

113 3397 220 3466 critici
242 3399 363 3480 ingenii
387 3398 524 3477 famam,
553 3406 591 3464 ut
616 3401 816 3479 audivimus,
839 3400 988 3477 obtinuit,
1020 3408 1052 3466 et
1082 3403 1218 3480 utinum,

114 3518 191 3564 curn
219 3497 356 3562 editoris
387 3518 505 3562 munus
540 3500 689 3565 obiturus
715 3506 796 3579 erat,
834 3502 943 3583 magis
981 3522 1074 3566 more
1104 3505 1219 3568 critico

113 3602 246 3684 egisset,
287 3604 321 3663 et
359 3606 456 3665 notas
494 3600 658 3686 quasdam
693 3601 836 3685 Virgilio
877 3622 940 3666 suo
976 3604 1220 3684 subtexuisset3

114 3704 174 3791 sed
205 3706 235 3766 οὐ
270 3708 339 3789 γρῦ,
377 3703 443 3768 nisi
467 3723 544 3787 quae
576 3707 611 3767 in
648 3704 841 3788 praefatione
864 3704 1012 3784 dederim
1033 3725 1098 3771 nec
1119 3707 1220 3772 libros

114 3806 311 3889 mimantis
352 3824 413 3869 nee
444 3805 559 3870 indice
602 3805 769 3883 instruxit,
810 3807 872 3871 etsi
910 3807 985 3890 ipse
1013 3807 1105 3871 idem
1136 3808 1220 3873 duos

114 3906 241 3972 indices
269 3904 410 3985 Caesari,
440 3927 462 3972 a
486 3928 523 3972 se
549 3908 648 3986 edito,
684 3909 768 3972 benc
802 3908 986 3994 subjunxit.
1031 3906 1081 3975 At
1110 3911 1219 3987 sian

114 4009 204 4089 quod
216 4009 407 4086 conabatur,
422 4009 474 4073 vir
488 4017 606 4075 acutus
623 4011 705 4074 bene
719 4009 868 4092 perfecit.
910 4009 1057 4075 Textum
1072 4011 1220 4096 seqnitur

115 4107 345 4193 Heynianum3
381 4111 495 4196 quoad
523 4118 630 4197 'typos
657 4117 695 4179 et
722 4112 1020 4196 interpunctionem
1045 4112 1152 4178 editio
1172 4117 1220 4177 est

113 4217 280 4290 accurata,
296 4220 330 4278 et
343 4213 442 4298 digne
452 4234 529 4300 quae
543 4215 687 4281 virorum
699 4213 902 4280 literatorum
916 4213 1072 4279 manibus
1086 4218 1217 4280 terabn.
