2664 4686
346 338 511 388 vracrurr
535 338 851 388 rsrnarssrraus.
1079 326 1178 416 stat,

56 477 266 559 exemplaris
257 500 288 539 ιιι
307 478 502 542 bibliothecis
514 475 633 552 serrari,
656 500 674 540 a
698 480 766 540 viris
770 477 894 541 doctis
903 466 1088 546 affirmatur.
1103 485 1164 547 rid.

41 576 223 639 ‘Burmann
239 575 324 656 proel.
339 582 419 655 (pag.
435 586 485 639 88.
502 581 560 655 sq.)

61 671 176 732 Eros
192 672 324 731 librarius
336 682 367 730 et
380 672 502 731 libertos
516 672 657 748 Virgilii·
682 674 837 732 Donatus
829 693 858 732 ru
873 673 933 734 Vit.
948 675 1028 756 Virg.
1043 697 1066 738 s.
1082 687 1134 752 49.

101 766 235 827 ‘Fabius
263 766 433 826 Planciades
463 767 629 844 Fulgentius
655 767 691 826 de
716 769 852 845 allegoria
876 770 975 830 libror.
999 772 1167 853 Virgilii-ad

59 858 249 921 chalcidium
265 862 512 933 Grammatioum,
524 863 582 922 sive
592 862 630 923 de
644 865 823 940 expositione
838 867 1001 943 Virgilianae
1016 872 1167 932 coutinen-

58 954 129 1016 tire.'
168 956 297 1017 Primum
312 959 360 1017 ed.
376 978 394 1017 a
413 959 588 1018 Commelin.
613 967 699 1029 15⁸9.
725 962 866 1022 iterum'a
887 964 920 1021 P.
938 965 1059 1025 Daniele
1077 967 1164 1031 1600.

60 1051 177 1111 auctior
197 1073 214 1111 e
237 1053 313 1112 Cud.
337 1056 396 1113 Ms.
417 1065 447 1112 et
469 1074 587 1114 recusus
612 1074 630 1114 a
651 1055 815 1116 Mnnclrero
841 1067 872 1116 et
899 1079 955 1118 van
979 1061 1118 1123 staveren
1138 1066 1168 1128 in

58 1145 207 1211 auctorib.
224 1150 452 1228 Mythographis
474 1151 595 1210 Latinis.
640 1151 694 1210 Vix
718 1154 809 1212 ullum
834 1175 871 1213 ex
895 1175 931 1215 eo
953 1156 992 1214 ad
1014 1158 1168 1238 Virgilium

59 1238 191 1315 fructum
216 1255 316 1323 speret
332 1246 447 1324 aliquis,
473 1265 541 1305 cum
562 1247 750 1306 insulsissime
771 1240 949 1327 detorqueat
972 1252 1121 1313 nominum
1139 1242 1178 1316 et'

59 1340 270 1403 seutentimnm
284 1328 412 1402 rationes
433 1342 471 1401 ad
485 1343 601 1402 virtutis
621 1364 795 1423 morumque
808 1347 941 1406 occultas
954 1347 1169 1426 interpretatio-

60 1437 334 1513 sergi-ammaricus
348 1439 556 1515 ineptissimus.
592 1440 721 1508 Quando
735 1438 846 1512 vixerit,
859 1462 962 1521 parum
976 1444 1101 1517 constat,
1114 1466 1170 1509 nec

61 1531 200 1611 expedire
220 1533 322 1610 potuit
336 1534 492 1593 Muncker.
510 1531 550 1592 in¹
562 1533 645 1614 prul.
660 1535 697 1593 ad
720 1555 797 1615 eum,
811 1538 863 1595 nisi
878 1539 959 1615 quod
974 1540 1047 1598 Aser
1060 1540 1125 1613 fnit,
1140 1551 1170 1602 et

60 1625 203 1688 Vandalis
218 1628 349 1688 Africam
362 1630 530 1688 tenentibus
545 1630 654 1690 saeculo
668 1631 743 1690 forte
759 1642 842 1690 sexto
857 1634 937 1692 vixit.

62 1758 75 1769 -
100 1724 317 1785 Glossariolum
331 1724 523 1804 Virgilianum
538 1727 636 1804 prisco
652 1727 783 1786 Maronis
799 1726 895 1786 codici
908 1729 1079 1806 subjectum
1091 1739 1172 1792 trac·

60 1829 173 1881 tursrat
186 1821 276 1898 casp.
292 1820 439 1890 Bartbius,
454 1819 533 1879 unda
549 1822 577 1879 in
592 1820 720 1879 Adrers.
744 1836 886 1880 xxxvrl.
903 1831 931 1882 5.
946 1823 1092 1902 specimen
1105 1846 1172 1904 pro-

60 1915 173 1996 posuit.
214 1915 422 1992 Comparando
436 1923 577 1992 poterunt
593 1915 667 1974 r‘orte
687 1913 796 1974 firmari
816 1915 952 1976 nonnulla
966 1918 1171 1994 jam-aliunde

60 2020 133 2087 nota
141 2035 150 2084 ς
173 2011 229 2073 alia
242 2021 312 2071 sunt
326 2012 488 2089 depravata
502 2020 532 2069 et
545 2011 728 2089 interpolata.
1180 2078 1184 2090 .

65 2142 81 2169 .·
103 2107 209 2169 Guiso.
231 2156 233 2160 1
251 2110 297 2168 Μ.
318 2107 480 2169 Antonium
505 2100 705 2185 Gnipbonern‚
725 2105 763 2166 de
787 2126 848 2184 quo
871 2107 993 2168 Sueton.
1007 2109 1049 2167 ill.
1069 2111 1125 2171 Gr.
1141 2119 1171 2180 7.

61 2213 218 2274 memorat,
233 2202 264 2261 in
276 2202 425 2281 Georgica
438 2196 600 2279 scripsisse,
615 2219 632 2259 a
651 2201 785 2260 Charisio
806 2201 957 2278 proditum
975 2222 1039 2263 esse
1053 2206 1173 2279 (Gram-

61 2304 137 2358 mat.
157 2297 280 2356 Putsclr.
302 2316 333 2375 p.
359 2305 427 2358 184.
442 2298 485 2370 3.)
508 2295 609 2364 aiunt;
631 2313 685 2353 nec
709 2306 809 2356 tamen
829 2297 877 2355 ille
902 2298 986 2358 locus
1007 2299 1171 2361 necessario

59 2392 122 2453 boc
136 2391 232 2453 infert.
275 2392 406 2462 Omnino
428 2391 554 2450 eundem
577 2409 641 2449 esse
665 2400 753 2471 negat
774 2393 933 2452 Burmann.
952 2393 1037 2472 praeli·
1050 2398 1093 2473 (p.
1108 2397 1172 2470 40.)

62 2486 114 2551 ef.
130 2487 232 2547 Heius.
248 2487 287 2549 ad
302 2486 456 2549 Claudsan
448 2506 539 2570 ,pag
558 2495 626 2548 180.
639 2485 690 2611 ubi
711 2487 811 2548 Schol.
833 2489 872 2547 ad
890 2478 948 2548 Ge.
965 2505 1004 2550 11.
1021 2499 1088 2562 119.
1110 2492 1171 2552 Ma.

63 2583 151 2646 laeid.
165 2583 284 2644 excitat.

106 2681 255 2742 ‘Grillius
279 2681 317 2741 ad
338 2680 491 2761 Virgilium
510 2681 549 2741 de
570 2681 742 2741 accentibus
765 2681 910 2742 scribeus'·
927 2679 1007 2759 apud
1032 2680 1173 2742 Priscian.

63 2777 189 2861 Putsob.
203 2798 234 2857 p.
249 2776 320 2839 560.
335 2776 383 2838 26.
398 2824 401 2829 .

70 2918 74 2931 .
106 2872 236 2932 Hebrus.
261 2872 343 2931 Serv.
357 2871 395 2932 ad
410 2873 476 2931 AEn.
485 2887 549 2930 vn.
559 2871 588 2932 6.
603 2871 769 2941 Quierasnt:
783 2877 792 2903 ⁴
804 2871 923 2930 Hebrus
934 2873 1070 2950 quierant
1083 2872 1175 2950 legit·

63 2967 119 3029 Ad
140 2989 167 3046 e.
190 2969 209 3026 l.
226 2970 326 3028 Burm.
348 2969 505 3028 ‘Parthas
532 2967 657 3036 Quaesit.
680 2985 733 3044 per
753 2965 846 3045 Epist.
862 2982 911 3026 rr.
926 2975 954 3027 5.
969 2966 1054 3044 legit:
1076 2969 1174 3035 Acron

64 3064 228 3126 Helonius!
268 3068 375 3126 Parum
391 3075 489 3124 tantm
505 3062 667 3142 probabile.
1062 3142 1065 3147 y

71 3194 77 3226 2
106 3161 291 3222 Herennius:
313 3161 384 3221 vitia
402 3160 513 3238 Virgilii
528 3167 723 3219 contraxerat.
765 3159 876 3216 Donat.
889 3154 950 3215 Vit.
965 3155 1045 3234 Virg.
1061 3175 1085 3216 s.
1101 3152 1151 3216 62.

69 3303 75 3313 .
106 3256 252 3337 Hyginus.
293 3256 388 3316 Julius
412 3257 565 3335 Hyginus:
588 3254 664 3313 inter
685 3254 938 3314 commentatores
958 3250 1068 3329 Virgilii
1086 3251 1176 3330 vulgo

65 3350 201 3415 rdertnr.
244 3352 330 3412 Forte
353 3351 430 3411 idem
453 3350 519 3427 qjus
540 3350 613 3409 liber
634 3348 698 3421 luit,
713 3347 765 3426 qui
786 3346 824 3406 de
838 3345 1017 3424 agricultura
1028 3344 1175 3431 lqndatur.

67 3448 150 3511 Gen.
166 3465 189 3508 ι.
205 3455 255 3508 21.
270 3446 391 3506 deloco
406 3449 461 3506 Ge.
480 3463 519 3506 ιι.
536 3445 605 3508 046.
621 3454 690 3514 047.
711 3450 720 3480 ‘
735 3444 879 3524 Hyginus,
895 3461 954 3502 non
975 3432 1074 3502 bercia
1094 3442 1177 3521 igno-

66 3543 134 3607 bilis
156 3542 375 3622 grammaticus,
391 3542 421 3601 in
441 3540 667 3614 commentariis,
682 3559 750 3616 quae
770 3539 800 3600 in
820 3539 970 3616 Virgilium
994 3537 1177 3613 lecit,'-(iu·

67 3649 187 3701 venerat
200 3641 330 3712 amaror)
342 3647 372 3697 et
396 3654 470 3698 xv1.
495 3637 525 3700 6.
547 3645 556 3672 ‘
572 3638 706 3717 Hyginus
720 3634 885 3695 Julius-in
900 3642 1006 3713 quarto
1024 3632 1178 3705 librorum,

70 3755 147 3817 quos
161 3732 200 3793 de
213 3735 333 3812 Virgilio
349 3732 441 3792 lecit!
460 3735 625 3811 Exscripsit
650 3731 787 3793 ltlacrob.
803 3747 850 3790 vr.
865 3739 895 3801 9.
922 3729 973 3788 nbi
996 3726 1050 3786 ‘in
1074 3728 1179 3806 quinto

67 3830 219 3897 fibromm'
244 3830 361 3911 legitur.
402 3830 456 3889 Est
483 3830 571 3890 etiam
595 3829 679 3889 locus
702 3830 731 3887 in
757 3830 822 3887 AEn.
842 3841 907 3885 vu.
924 3832 991 3894 187.
1017 3843 1105 3902 quem
1128 3823 1179 3885 ills

71 3927 312 4009 reprehenderat,
325 3926 425 3987 Gellio
447 3911 521 3987 teste
535 3943 568 3986 v.
584 3936 629 3996 8.;
651 3924 715 3986 lieri
737 3935 833 3984 tamen
852 3922 916 3980 -boo
939 3918 1038 3999 potuit
1062 3918 1124 3977 aliis
1147 3918 1179 3977 iu

70 4025 189 4101 libellis,
205 4033 239 4088 nt
258 4026 296 4088 de
317 4023 448 4088 Urbibus
471 4023 588 4101 Italicis,
607 4023 644 4084 de
665 4022 790 4086 Familiis
813 4016 964 4096 trojanis,
978 4034 1053 4099 quos
1067 4014 1184 4083 Servios
