2692 4974
429 360 484 411 en
501 358 675 417 terreos
698 360 772 412 ure.
795 360 863 417 vn·
1111 349 1200 418 43⁰1

99 502 273 588 mandor
286 521 329 577 eo
343 501 472 569 doctior
486 505 710 589 proveniebat.
755 503 843 590 Cum
869 509 990 585 eutem,
1012 506 1103 590 qnod
1125 527 1200 594 sup.
1333 458 1337 465 Ι

99 604 233 681 ssnours.
250 619 288 668 rv
304 602 459 683 vidimus,
473 611 524 678 tot
538 603 742 678 diversorum
754 606 952 693 populorum
969 606 1090 686 ltaliae,
1116 630 1202 694 quoe

99 705 242 793 rjusdem
267 706 382 790 stirpis
407 709 504 790 quasi
527 709 678 773 surculos
702 728 743 773 ac
768 709 970 793 propagines
998 716 1057 776 aut
1083 713 1202 797 populi

99 806 242 893 u'psdem
256 807 360 873 tribus
374 808 537 892 appelles,
551 814 619 872 tarn
630 808 755 895 multae,
765 817 800 874 et
807 809 947 875 diversae
956 811 1090 895 quidem
1097 814 1202 878 nomi·

99 908 202 987 ribus,
216 927 252 971 re
265 914 377 973 tamen
391 906 436 971 ad
450 907 537 971 idem
552 907 617 972 sere
628 908 813 991 κάοωιωε,
823 915 934 975 essent
944 912 1148 997 narrationes
1160 915 1203 981 de

99 1009 287 1087 unctoribus
309 1001 352 1072 ao
374 1008 491 1092 primis
507 1008 667 1074 heroibus
691 1010 913 1094 regibusque:
936 1013 1053 1095 selegit
1066 1014 1202 1097 quidem

99 1130 138 1187 rx
149 1111 194 1177 iis
207 1108 309 1194 potue
320 1108 508 1186 nonnullas,
524 1129 610 1193 quos
625 1113 770 1191 carmine
789 1114 921 1177 tractari
935 1132 1035 1196 posse
1049 1114 1204 1197 videbat3

99 1228 136 1287 ις
148 1229 265 1285 esrum
278 1215 391 1275 muron
403 1211 552 1294 ipserum
565 1212 676 1277 indole
689 1212 894 1296 intelligitur,
908 1219 1035 1298 quanta
1047 1217 1201 1282 cautione

99 1310 185 1387 'piis
197 1309 432 1384 transferendis
445 1329 532 1393 opus
546 1310 665 1379 fuerit:
689 1331 766 1377 cum
787 1332 855 1381 non
872 1314 975 1395 modo
995 1316 1204 1393 obscuriores

99 1410 261 1497 mue
282 1418 395 1479 essent
417 1411 591 1495 doctisque
612 1413 692 1479 viris
712 1415 816 1488 multo
829 1416 936 1479 minus
949 1423 1038 1493 notae
1052 1437 1093 1482 ec
1106 1416 1203 1493 Graue

99 1513 236 1601 mccc,
263 1532 380 1579 verum
393 1517 426 1575 et
438 1512 563 1579 horridi
579 1514 705 1598 aliquid
722 1521 755 1580 et
774 1517 924 1597 agrestis,
949 1522 1007 1582 eut
1022 1518 1130 1603 jejuni
1152 1519 1205 1582 in·

99 1614 286 1698 conditione
305 1612 475 1691 heberent,
500 1614 590 1697 quod
611 1634 653 1679 ne
676 1615 863 1700 virgiliana
884 1617 1018 1700 quidem
1041 1618 1205 1700 elegantia

99 1714 136 1791 be
159 1715 286 1799 ubique
312 1715 497 1796 abstergere
521 1717 639 1799 potuit,
684 1717 740 1781 Ex
753 1718 817 1799 boc
831 1737 948 1798 genere
961 1723 1058 1799 sunt:
1079 1718 1204 1783 bellum

99 1821 176 1882 ner
187 1815 369 1898 laurentes
383 1815 615 1900 Trojonosque
624 1837 724 1883 cerva
734 1837 836 1895 caese,
851 1838 929 1901 quoe
941 1819 1065 1902 Sylvius
1075 1820 1111 1883 in
1121 1818 1203 1891 deli,-

99 1916 158 1995 ὥς
172 1922 256 1995 erut,
271 1919 493 1999 concitatum
516 1917 672 1984 Caeculus
682 1920 826 1984 scintilla
839 1922 883 1984 ab
897 1916 1039 2006 Laribus
1052 1921 1128 1985 foco
1141 1918 1204 1991 imae

99 2019 216 2105 positis
238 2018 409 2089 desiliente
433 2038 454 2085 a
478 2026 582 2086 matre
603 2027 786 2105 conceptus
808 2020 880 2107 (coi
899 2023 1017 2087 similis
1034 2023 1149 2088 fabule
1162 2021 1204 2086 de

99 2120 238 2193 [tonui
259 2126 294 2187 et
316 2120 416 2187 Remi
437 2127 511 2187 ortu
533 2123 623 2205 opud
637 2123 805 2188 Plutarch.
828 2123 963 2188 Romul.
984 2144 1019 2206 p.
1041 2125 1085 2188 18
1108 2141 1144 2187 n.
1169 2141 1204 2205 s,

99 2221 273 2307 muttit„
295 2223 420 2301 Cacus,
434 2224 493 2305 qui
507 2223 617 2305 ignem
630 2242 687 2289 ore
700 2226 873 2301 vomebat3
895 2228 1032 2288 mutatae
1046 2226 1081 2288 in
1093 2222 1203 2307 Nym·
1304 2272 1309 2281 .

99 2322 180 2415 phos
207 2344 333 2402 naves3
366 2322 492 2399 Ocnus,
530 2323 681 2387 Mantum
717 2324 887 2404 conditor3
925 2322 1067 2388 Camilla
1094 2322 1202 2390 infans

99 2424 202 2501 hstes
216 2426 343 2507 illigata
355 2429 389 2489 et
400 2430 490 2487 trans
505 2432 636 2489 amnem
652 2422 768 2507 jsoe;
791 2425 875 2488 strix
888 2422 993 2487 lumi
1008 2443 1048 2488 os
1063 2425 1203 2498 circum,-

99 2524 214 2611 reluus
241 2519 443 2608 mortemque
467 2523 674 2608 portendens.
719 2524 807 2602 Quae
836 2524 959 2589 subulae
989 2543 1065 2588 cum
1093 2525 1203 2608 politae

99 2627 217 2703 narmi
230 2633 299 2695 arte
314 2633 348 2689 et
361 2627 492 2706 ingenio
506 2625 665 2708 expolite
678 2625 738 2689 vix
751 2626 931 2711 nitescent3
954 2644 1088 2709 prorsus
1107 2627 1205 2692 ornit-

99 2716 205 2801 lwdae
218 2726 310 2793 ficere
324 2728 412 2792 aliae.
457 2726 532 2792 Nec
550 2745 630 2791 vcro
651 2728 715 2792 hoc
734 2726 916 2804 mirabitur,
942 2725 999 2808 qui
1013 2728 1204 2807 meminerit,

99 2816 242 2909 Βέωοίω
254 2828 377 2892 veteris
391 2827 523 2911 sabulos
537 2829 581 2891 ab
595 2828 691 2903 initio
706 2829 788 2898 forte
810 2848 877 2893 non
898 2829 1007 2900 minus
1028 2846 1049 2891 a
1070 2826 1205 2910 poetice

99 2926 270 3011 elegentin
294 2928 459 2995 euertere
487 2934 521 2993 et
550 2927 719 3010 dignitate,
748 2929 885 3005 alienos,
914 2946 1035 3008 magno
1061 2928 1204 3009 plurium

99 3027 272 3113 μδωηιι
283 3028 350 3092 sibi
364 3029 506 3093 invicem
520 3027 765 3105 succedentium
779 3027 889 3090 studio
899 3027 1004 3090 luisse
1018 3028 1204 3108 expolitos3

99 3126 229 3221 pulicis
242 3134 353 3197 sutem
369 3127 487 3193 fabulis
500 3128 643 3191 similem
654 3125 818 3213 fortunam
831 3145 997 3210 nunquam
1015 3128 1204 3209 contigisse,

99 3231 147 3303 ui
160 3248 224 3295 nec
238 3228 356 3295 ulium
378 3234 541 3294 maturum
564 3227 698 3292 cultum.
744 3226 864 3311 Itaque
876 3228 912 3291 in
925 3228 978 3291 bis
992 3227 1110 3291 videns
1122 3247 1206 3292 non·

99 3332 200 3413 nulls,
222 3351 300 3418 quse
324 3350 367 3394 ne
388 3329 522 3421 desnrita
541 3327 678 3412 quidem
699 3335 734 3394 et
754 3330 933 3395 constituta
951 3330 1033 3394 satis
1054 3334 1142 3408 sunt,
1167 3338 1206 3396 ut

99 3435 255 3501 nttrrbuto
269 3418 428 3519 Deorum,
443 3450 519 3513 quae
535 3429 626 3512 apud
641 3428 783 3495 Graecos
793 3431 953 3496 artificum
963 3432 1205 3515 operaegregie

99 3540 172 3607 ml
185 3514 351 3617 disposita
364 3538 397 3609 et
410 3514 585 3616 descripta.
630 3531 714 3595 Inde
739 3533 864 3597 sactrrm
888 3533 1038 3610 arbitror,
1061 3538 1099 3599 ut
1119 3533 1203 3613 salx,

99 3652 174 3721 pum
189 3634 335 3716 Saturno
347 3633 481 3717 proprie
494 3637 566 3697 eret
579 3632 761 3710 tribuenda,
788 3633 914 3697 Sabino
927 3633 1060 3718 odjeota
1082 3635 1129 3700 sit
1146 3635 1204 3699 lib·

99 3742 166 3827 ru,
182 3736 260 3801 178.
275 3736 342 3802 179
355 3739 533 3820 ‘paterque
548 3733 694 3821 Sabinus
709 3733 883 3810 Vitisator,
909 3754 1047 3799 curvam
1067 3754 1205 3801 servans

99 3839 160 3907 ΙΙ)
173 3840 318 3920 imagine
332 3834 473 3902 falcem!
517 3835 633 3902 (ilaris
646 3838 819 3921 proprium
831 3844 883 3900 est
895 3837 1024 3919 insigne
1038 3836 1061 3901 J
1063 3839 1128 3902 oni·
1157 3834 1206 3900 At

99 3940 185 4027 npud
212 3940 352 4005 Festum
378 3940 413 4002 in
439 3936 592 4002 Cloudere
616 3938 816 4004 Portumnus
840 3937 963 4001 clavim
982 3944 1205 4002 manutenere

99 4042 228 4122 dicitnr,
253 4041 406 4107 oeneus
428 4046 595 4124 portuum.
639 4038 719 4119 era
743 4059 778 4103 re
801 4039 923 4104 adduci
945 4058 982 4103 se
999 4057 1120 4122 passus
1133 4042 1206 4101 eret

99 4142 264 4217 Heinsius
279 4142 323 4208 ed
339 4142 439 4207 Ovid.
455 4140 537 4207 Mer.
553 4158 634 4222 xrv,
656 4143 734 4222 334,
756 4145 793 4209 ut
812 4140 940 4207 lanum
959 4140 1105 4223 aliquem
1119 4137 1204 4205 Por·

101 4250 246 4313 turonum
260 4245 328 4310 sibi
342 4243 487 4328 fingeret.
583 4258 591 4265 ·
