2664 4686
509 358 543 408 e.
567 346 742 413 vrssrstt'.
780 348 785 355 ·
1094 347 1183 416 4535

72 520 144 579 qna
158 500 307 565 Boltsrius
319 500 350 560 in
363 500 462 564 lucem
475 501 592 563 c'didit:
623 501 661 562 de
674 501 709 563 iis
724 520 810 580 supro
832 511 950 574 actumz
980 503 1115 576 altmar,
1129 506 1182 586 qui

71 598 168 660 Lusus
177 596 324 675 juveniles
346 619 415 658 cum
439 599 587 658 bucolicis
611 608 642 659 et
666 600 883 678 Georgicorum
897 601 949 661 lib.
966 615 989 660 1.
1013 611 1096 679 parte
1110 616 1181 669 oon·-

72 694 207 754 tinebat:
237 714 255 754 e
274 714 334 773 quo
355 695 492 755 Culicem
502 694 629 755 correxit
642 695 675 754 Ρ.
690 696 844 757 Bembus:
875 717 904 756 v.
919 695 1035 775 prrefat.
1050 709 1183 761 nostram

71 790 112 861 sd
127 791 244 853 Calin:
277 793 409 863 tertiam,
428 811 516 870 quern
532 791 654 851 Ursinus
668 811 737 852 cum
750 792 843 852 nitero
857 792 908 851 illo
920 792 1001 852 domi
1015 812 1078 855 auoe
1093 795 1184 861 habc-

72 887 137 962 bet,
150 896 182 949 et
194 907 294 968 quem,
308 898 342 949 ut
355 888 403 948 ille
426 888 463 948 ad
483 889 548 949 Ecl.
563 905 642 951 v111.
656 899 707 951 44.
721 898 832 960 monet,
854 896 913 949 ‘cx
927 889 1092 953 Academia
1105 892 1182 957 Pon·

72 983 145 1056 uni,
157 983 364 1063 grandioribus
377 984 468 1047 literis
481 995 642 1058 exaratum,
657 985 794 1046 babuisse
809 985 954 1047 llemburn
968 985 1092 1049 dicunt!
1137 991 1182 1053 Ex

70 1078 162 1145 dictis
175 1080 221 1141 bis
233 1081 400 1143 accuratius
415 1083 556 1143 constitui
571 1091 709 1161 poterunt
721 1103 766 1155 ea,
791 1103 860 1161 quse
881 1082 910 1145 in
930 1082 1042 1162 praefut.
1057 1085 1183 1149 Autbol.

70 1175 140 1243 Lu.
153 1176 192 1239 Τ.
207 1193 231 1239 1.
245 1197 277 1256 p.
293 1193 371 1241 utu.
385 1179 423 1239 de
437 1179 541 1239 llembi
555 1180 644 1241 codd.
659 1181 812 1260 disputata
826 1188 903 1241 sunt.

80 1350 84 1355 Ι
111 1270 224 1339 trane
237 1282 296 1335 tres
314 1267 469 1338 hos'codd.
491 1275 574 1339 fuere
592 1277 653 1340 duo
676 1278 734 1349 alii,
757 1278 829 1341 alter
842 1275 987 1339 Bncolioa
1000 1277 1183 1356 complexus,

70 1387 142 1446 cum
156 1369 244 1441 notia,
259 1370 310 1450 qui
324 1372 450 1450 primum
464 1374 550 1436 Bern.
567 1375 681 1448 Bembi‚
696 1374 803 1436 deinde
826 1373 981 1435 P.'Bembi
1007 1373 1183 1448 cardinalis,

70 1463 179 1557 fueret,
191 1467 264 1527 elter
281 1466 372 1529 libros
387 1468 527 1530 AEneidos
550 1471 712 1544 continens,
732 1470 835 1535 itidem
859 1489 928 1531 cum
953 1470 1068 1549 glossis,
1090 1471 1142 1549 qui
1163 1489 1183 1533 a

69 1535 215 1627 biodesto
229 1564 400 1635 Polemone,
416 1565 550 1627 Sicconis
565 1566 598 1639 f..
620 1567 658 1628 ad
674 1569 708 1629 P.
723 1568 869 1631 Bembum
883 1566 970 1627 Card.
984 1575 1179 1645 perseueret:

70 1679 200 1738 quorum
225 1668 349 1741 uterque
371 1661 409 1722 ad
436 1662 522 1722 Laua
547 1661 727 1740 Pignorium‚
752 1672 783 1723 et
806 1682 843 1723 ex
867 1662 932 1739 ejus
954 1670 1128 1727 testamento
1141 1662 1180 1730 sd

69 1754 262 1827 Dominioum
278 1757 434 1828 Molinum,
448 1757 618 1818 senatorem
633 1760 790 1831 Venetum,
804 1759 977 1821 transierat:
999 1779 1027 1819 v.
1043 1758 1182 1825 Tomssi·

69 1870 142 1915 nu·
157 1851 299 1917 Bibliotb.
314 1854 415 1913 Putas.
430 1866 500 1931 pag.
517 1861 566 1915 8⁵.

492 1949 509 1981 Ι
753 1950 770 1984 U

112 2062 163 2107 11.
186 2045 297 2108 codem
316 2047 490 2109 Colotianus
517 2047 610 2109 l'ulvii
639 2047 744 2116 Ursini,
774 2046 825 2126 qui
848 2046 918 2107 olins
940 2045 1046 2124 Angeli
1071 2045 1181 2109 Colotii

70 2140 178 2213 iuerat,
203 2161 349 2223 quemque
372 2143 496 2210 Ursinus
521 2142 710 2203 bibliotheca
732 2142 885 2203 Vaticanrc
899 2141 1007 2211 intulit,
1030 2141 1081 2202 ubi
1102 2160 1181 2205 nuno

70 2257 154 2301 utrm.
173 2245 261 2308 1575.
274 2247 416 2301 servatur.
458 2238 533 2300 Vide
547 2239 583 2299 de
604 2259 641 2300 eo
664 2239 760 2299 Ursin.
774 2238 813 2299 sd
829 2237 893 2299 Eol.
910 2254 989 2301 v111.
1004 2247 1054 2299 44.
1068 2247 1098 2300 ct
1112 2238 1183 2299 Bot-

70 2334 139 2397 terii
159 2333 273 2415 praefat.
294 2335 333 2397 ad
357 2337 472 2415 Frsgrn.
500 2335 594 2397 Vatic.
621 2355 652 2414 p.
677 2351 728 2395 111.
779 2334 956 2394 Varietatem
971 2352 1007 2393 ex
1021 2352 1057 2392 eo
1071 2333 1181 2411 possim

69 2431 186 2493 sorevit
198 2431 320 2494 Ursinus
333 2432 363 2493 iu
384 2439 393 2467 ‘
409 2431 532 2510 Virgilio
545 2432 644 2493 collat.
656 2430 765 2509 Script.
780 2430 880 2491 Graec.
896 2428 1061 2491 illustrato!
1100 2429 1180 2490 Con-

71 2528 162 2590 sentit
175 2528 204 2591 in
219 2529 318 2591 multis
332 2549 401 2591 cum
416 2528 577 2599 Mediceo;
600 2528 667 2588 vide
681 2547 708 2586 v.
723 2548 752 2586 c.
766 2527 823 2589 Ge.
840 2541 894 2586 111.
909 2532 980 2587 235.
999 2522 1070 2589 936.
1112 2525 1181 2585 Per·

70 2623 218 2690 vetustum
232 2646 300 2687 eum
314 2625 484 2706 appellabat
499 2625 643 2696 Ursinus;
675 2623 704 2685 in
720 2623 778 2685 tiue
793 2632 890 2685 tamen
910 2641 980 2685 saec.
995 2637 1064 2685 xtt.
1086 2621 1182 2700 scrip·

70 2732 135 2791 tum
148 2733 251 2787 censet
262 2723 422 2784 Bottarius.

111 2820 253 2885 ilabebat
265 2820 386 2883 Ursinus
400 2830 543 2899 praetereo
555 2820 616 2881 duo
629 2820 721 2880 libros
735 2816 998 2888 emendatissimos,
1019 2814 1057 2876 de
1072 2814 1181 2895 quibus

69 2915 109 2976 ad
124 2916 187 2977 Eoi.
203 2933 283 2978 vttt.
297 2926 348 2978 to.
363 2927 525 2988 memorat:
556 2917 668 2977 scilicet
681 2915 827 2976 Codiccm
841 2913 931 2974 literis
945 2909 1180 2990 longobardicis

69 3020 233 3083 exoratum,
262 3013 291 3072 h.
305 3032 332 3072 e.
361 3020 394 3071 ut
418 3012 562 3091 suspicor,
587 3011 678 3073 literis
702 3009 872 3070 minusculis
896 3009 1003 3087 passim
1023 3005 1179 3074 admistis:

71 3106 162 3183 talem
185 3108 263 3197 cuim
285 3108 459 3186 scripturam
474 3110 524 3168 illo
539 3119 672 3186 tempore
696 3107 736 3166 ita
759 3104 908 3184 appellare
928 3103 1081 3173 solebant;
1116 3111 1180 3162 tum

71 3207 218 3277 codicem
231 3208 466 3280 vetmrisstnum,
481 3209 534 3288 qui
547 3207 643 3269 iuerat
657 3207 762 3268 Franc.
777 3204 935 3283 Pliiielpbi.

489 3305 505 3339 U
749 3302 766 3336 ⁸

113 3418 150 3465 x.
171 3402 274 3475 Codex
289 3404 413 3465 Bartbii.
454 3401 568 3463 Habuit
586 3400 631 3459 vir
647 3399 836 3488 doctissimus
850 3407 909 3457 tres
923 3393 1037 3474 Virgilii
1050 3391 1181 3465 codices,

70 3498 148 3565 iulet
162 3519 237 3578 quos
260 3521 349 3565 uuum
371 3498 610 3579 vetustissimum·¹
631 3496 660 3557 in
685 3497 773 3575 cujus
794 3493 851 3554 line
873 3491 1074 3569 subscriptum
1099 3498 1180 3551 emt:

68 3602 80 3630 ⁴
96 3595 213 3656 Flavius
228 3597 403 3659 Gennadius
416 3596 497 3657 Felix
510 3594 682 3673 Torquatus
696 3594 732 3653 V.
747 3592 783 3652 C.
798 3591 854 3652 Rc.
874 3589 978 3649 Romae
993 3587 1033 3645 D.
1047 3584 1088 3645 N.
1103 3585 1183 3645 Con·
1262 3646 1264 3650 ,

72 3691 186 3755 stontio
202 3693 234 3752 Ρ.
249 3695 282 3755 Ρ.
303 3695 340 3754 C.
360 3693 394 3753 Ρ.
411 3692 455 3752 P:
473 3691 616 3775 (Patrono
630 3685 806 3749 faciendum
819 3682 939 3746 Curavit
953 3680 1074 3758 Propria
1086 3680 1180 3740 Pecu·

71 3789 144 3873 nia),
160 3790 268 3871 quibus
294 3789 382 3871 literis
406 3788 541 3867 aiglisque
556 3784 689 3865 quemvis
711 3782 828 3862 ignotis,
851 3781 909 3844 boc
933 3788 1031 3839 tamen
1044 3786 1180 3839 constare

30 3917 37 3931 ·
71 3886 211 3967 putabat.
225 3907 291 3947 esse
304 3886 437 3949 codicem
451 3883 625 3948 venerande
639 3879 829 3960 antiquitatis.
872 3874 936 3937 Nisi
949 3874 1020 3935 viro
1038 3872 1096 3935 alia
1118 3870 1182 3952 opi·

70 3980 171 4043 nionis
182 4000 242 4045 susc
256 3980 443 4045 firmamenta
455 3980 570 4052 habuit,
584 3979 642 4039 boo
656 3975 777 4055 quidem
793 3973 910 4036 unicum
933 3970 1025 4035 fallax
1046 3981 1077 4031 et
1095 3968 1181 4031 inane

71 4075 168 4137 rideri
189 4085 297 4155 potest,
321 4077 462 4154 quoniam
487 4075 517 4138 in
544 4075 649 4141 codice
669 4070 832 4133 admodum
853 4067 961 4133 recenti
982 4066 1181 4144 antiquiorum

72 4172 216 4235 librorum
231 4171 413 4255 subscriptio
426 4171 519 4251 repeti
533 4172 642 4251 potuit,
658 4179 792 4248 utsupra
809 4167 873 4246 jam
896 4164 956 4224 alio
969 4163 1038 4224 loco
1050 4158 1181 4223 animod-
