2692 4974
464 385 515 434 sn
538 384 748 433 onouorcou
775 386 847 434 mr.
872 388 897 434 r.
1139 368 1228 434 3979

130 559 136 573 ’
170 533 289 615 ltaque
305 532 341 595 iu
353 549 422 596 vss.
438 529 611 593 {tos-400
635 530 790 610 negative
805 528 915 612 'poe'ta
936 529 1075 612 exponit
1098 527 1228 592 senten-

127 635 200 696 tiam
216 653 327 709 suam,
341 638 375 696 et
389 633 708 696 successuram-coeli
723 633 928 694 serenitatem
942 632 1105 694 ominatur
1119 631 1229 713 primo

125 754 166 797 ex
181 734 335 797 absentia
349 753 472 809 eorum,
493 743 569 815 q'uae
585 732 707 795 imbres
727 730 951 814 impendentes
962 738 996 795 et
1009 737 1139 815 tempus
1153 732 1228 815 plu·

124 830 254 897 ⁴viosnm
281 832 637 914 denuntiare‘possiut.
682 831 765 895 Sunt
787 826 906 897 autem
919 833 993 896 haec
1008 834 1092 897 ista:
1115 835 1227 898 stella·

124 954 194 997 rum
222 938 316 998 acies
345 937 473 1011 obtusa,
491 934 724 1009 innatamus,
749 935 854 997 nubes
880 940 1036 1016 tauquam
1066 936 1224 1017 gregales,

124 1034 294 1119 (ἀγιληδόι)
308 1056 370 1119 per
385 1033 493 1099 aerem
512 1043 612 1111 actae,
627 1035 803 1118 halcyoues
816 1054 859 1098 ex
875 1038 1140 1101 sensuinstantis
1152 1038 1227 1120 plu·

123 1139 187 1202 riae
216 1137 557 1221 expandentesalas,
592 1156 669 1201 sues
682 1124 840 1201 eruentes
868 1138 998 1220 frugum
1026 1141 1226 1223 manipulos.

125 1238 244 1302 Omnia
257 1239 333 1303 haec
355 1243 443 1304 nunc
464 1259 531 1304 non
554 1240 643 1303 cerni
658 1240 722 1316 ait,
737 1258 823 1303 nunc
838 1242 966 1305 abesse.
1011 1240 1134 1306 Contra
1148 1261 1226 1307 vero

122 1359 170 1405 vs,
190 1342 257 1405 401
279 1342 385 1404 nubes
400 1340 601 1405 descendunt
619 1341 653 1402 in
668 1345 781 1417 terras,
807 1340 884 1404 aare
898 1349 1044 1420 tenuato,
1060 1351 1094 1407 et
1108 1343 1225 1408 demit·

122 1448 193 1506 tunt
206 1461 244 1506 so
258 1443 292 1505 in
306 1443 423 1519 valles,
446 1445 542 1506 etsie
567 1461 676 1524 porro.
720 1441 917 1506 Nunconim
933 1444 1126 1507 affirmative
1139 1464 1226 1528 prae-

121 1543 215 1625 sagia
238 1545 423 1608 serenitatis
447 1545 600 1608 instantis
622 1551 813 1608 enumerat·
843 1544 1226 1609 Sententiarumveritas

121 1647 154 1708 iu
168 1644 221 1708 his
235 1645 405 1723 elucescit,
423 1652 456 1709 et
469 1650 573 1710 totam
585 1646 651 1709 loci
666 1646 961 1727 interpretationem
975 1649 1110 1712 nuncin
1124 1646 1226 1712 Notis

121 1747 169 1810 sic
184 1744 315 1810 retinxi.

124 1876 129 1887 ·
161 1845 218 1911 Ita
231 1864 312 1909 vero
325 1864 453 1923 versus,
468 1847 512 1911 ad
535 1867 633 1929 quem
656 1849 763 1913 omnis
782 1849 870 1912 bona
884 1850 1107 1932 interpretatio
1122 1849 1225 1914 offen-

120 1947 229 2024 debat,
251 1966 488 2012 verumsuum
513 1966 645 2011 sensum
670 1950 768 2012 facile
793 1958 980 2034 recuperat:
1004 1956 1087 2017 ‘uec
1112 1951 1224 2016 fratris

119 2048 221 2112 radiis
235 2049 384 2111 obnoxia
398 2067 530 2130 surgere
545 2048 664 2137 Luna3’
687 2071 763 2115 vere
786 2053 873 2115 enim
894 2070 1010 2115 sensus
1024 2058 1087 2128 est,
1102 2059 1135 2116 et
1148 2070 1222 2116 esse

120 2151 230 2214 debet:
253 2166 316 2212 nec
335 2136 430 2212 Luna
443 2148 541 2214 lucet.
587 2151 772 2227 Enimvero,
787 2153 953 2234 quomodo
966 2155 1030 2216 hoc
1044 2172 1121 2215 cum
1134 2157 1223 2216 cete-

120 2251 165 2313 ris
186 2250 372 2326 conveniat,
395 2249 527 2312 tandem
542 2270 586 2313 ex
609 2251 683 2313 loeo
699 2251 795 2314 Arati
820 2256 993 2314 assecutus
1015 2269 1101 2327 sum,
1124 2270 1224 2332 quem

121 2349 223 2435 poeta
244 2351 424 2433 expressit:
445 2351 575 2414 scilicet
589 2349 713 2415 Aratus
730 2350 880 2415 Diosem.
895 2351 960 2415 281
975 2370 1027 2434 sq.
1042 2352 1224 2434 ingruentis
1258 2376 1262 2387 ·

118 2456 322 2538 tempestatis
337 2455 466 2537 siguum
487 2455 630 2537 apponit
649 2455 730 2518 hoc:
755 2454 888 2537 quaudo
914 2455 1017 2520 stellae
1045 2457 1222 2519 obscurar-

117 2560 178 2633 tur,
194 2551 285 2617 nulla
309 2565 478 2640 apparente
499 2577 604 2634 ιαιιια,
627 2576 687 2620 uec
711 2558 854 2620 nubibus
876 2557 1040 2633 obductis,
1055 2575 1116 2620 nec
1140 2556 1220 2619 oali·

119 2657 190 2739 gine
204 2657 285 2734 alia,
302 2677 356 2719 nec
373 2653 469 2719 Luna
483 2656 642 2735 ιιιὸαιιιιν,
654 2679 729 2740 qua·
743 2659 868 2722 seilicet
881 2658 956 2722 luce
971 2677 1034 2721 sua
1048 2659 1223 2720 obscurare

118 2777 173 2822 eas
187 2765 320 2841 posset3
351 2758 465 2843 itaque
479 2766 512 2824 et
525 2760 559 2823 in
576 2758 729 2823 Marone:
752 2759 920 2823 stellarum
941 2759 1000 2822 lux
1014 2776 1081 2822 non
1095 2762 1148 2820 est
1160 2758 1221 2820 ob·

118 2863 201 2936 tusa,
217 2877 279 2926 uec
296 2863 406 2923 tamen
421 2859 517 2924 Luna
532 2861 644 2936 oritur,
659 2859 758 2937 lucet,
773 2861 938 2941 quae'lnce
953 2880 1016 2924 sua
1029 2879 1087 2923 eas
1102 2861 1222 2922 obscu-

116 2977 185 3024 rare
198 2961 320 3044 possit.
364 2959 406 3024 In
420 2961 471 3024 his
485 2961 565 3024 nihil
580 2966 641 3037 est,
662 2959 752 3042 quod
767 2978 829 3023 nos
843 2965 995 3024 moretur.
1039 2957 1221 3041 Appouam

117 3077 232 3125 versus
248 3059 365 3124 Arati:
470 3078 472 3083 ·
939 3090 943 3097 ·

289 3158 358 3242 ἦμος
372 3162 393 3223 δ’
409 3159 552 3245 &ereptio
567 3160 687 3246 καθαρὸν
702 3157 772 3243 φάος
785 3158 977 3241 ἂμβλένηται,

271 3273 275 3280 ’
290 3264 350 3326 οὐδέ
364 3264 442 3327 ποθεν
455 3261 566 3342 νεφέλαι
580 3260 762 3344 πεπιεσμένου
776 3260 934 3338 ἀντιόωσιν,

290 3362 349 3428 οὐδέ
362 3365 440 3428 ποθεν
453 3363 529 3448 ζόφος
544 3363 633 3439 ἄλλος
650 3362 790 3453 ὑποτρέχη
805 3365 864 3427 οὐδὲ
879 3363 990 3441 σελήνη,

289 3469 370 3530 ιἰλλιὶ
385 3464 455 3551 τᾶμ’
471 3465 596 3543 ἐξαπίνης
611 3460 837 3565 amorraei
852 3463 996 3550 φέρωνται·
1051 3533 1053 3536 Α
1069 3483 1073 3491 ’

287 3563 388 3650 μηκέτι
404 3591 445 3630 τοι
461 3565 524 3631 τέδι
539 3573 619 3649 σῆμα
634 3567 790 3652 γαληναέης
805 3566 960 3646 έπιιιιέσθα,

235 3714 238 3718 ·
289 3671 356 3732 ἀλλ’
373 3671 415 3731 ht
428 3672 524 3755 χεῖμα
539 3667 630 3732 δι’κινν
651 3705 695 3720 ·-
862 3659 866 3665 ,

156 3771 265 3837 ‘Cum
282 3772 412 3849 autem‚'
427 3773 475 3836 ait
489 3770 625 3848 Aratus,
641 3770 831 3834 ‘stellarum
843 3770 952 3832 clarus
965 3768 1071 3852 fulgor
1085 3769 1220 3834 hebeta-

116 3881 164 3938 tur
187 3868 303 3948 (stellis
318 3872 396 3932 acies
411 3871 519 3935 obtusa
536 3870 677 3948 videtur)
698 3889 805 3953 neque
828 3875 937 3935 tamn
950 3869 1100 3940 alicunde
1113 3871 1219 3934 nubes

115 3977 242 4042 coaotte
256 3975 301 4037 iis
315 3994 352 4037 se
366 3979 561 4057 praetexant,
582 3969 816 4057 nrqrraaliaade
831 3970 940 4055 caligo
954 3972 1023 4035 alia
1035 3967 1152 4044 subeat,
1166 3990 1218 4035 ne·

116 4094 174 4157 qne
188 4070 301 4148 Lana3
322 4075 382 4139 sed
405 4081 493 4139 astra
514 4075 682 4157 extemplo
704 4074 794 4137 nulla
817 4074 859 4138 de
881 4090 983 4137 eausa
1000 4069 1158 4152 languida
1171 4071 1219 4136 fe-

117 4178 238 4242 rantur:
261 4194 327 4240 nou
347 4176 491 4262 amplius
514 4176 575 4242 tibi
599 4176 662 4241 hoo
686 4174 817 4260 siguum
840 4170 1023 4239 serenitatis
1045 4169 1224 4251 moeson,
