2664 4686
302 319 354 371 sn
369 319 542 373 ursinos
560 320 635 372 err.
656 324 723 372 vn.
970 308 1060 377 dm

92 462 282 532 ldofactsm
303 486 379 532 esse
399 469 639 549 continentem
668 486 705 534 v.
726 464 942 550 lampares.
967 467 1059 536 nist.

92 584 127 647 v,
147 568 181 646 9,
205 587 303 652 quem
322 569 435 634 locum
449 569 579 635 Plinius
593 570 758 654 expressit
770 569 794 632 1.
810 588 841 634 c.
886 568 963 636 Nec
975 572 1059 637 mul·

92 670 201 748 ssidet,
213 669 304 754 qnod
319 669 429 735 Varro
443 671 631 749 tradiderat,
655 677 693 736 ut
705 691 725 735 o
739 671 856 735 Servio
868 671 912 736 ad
925 671 985 738 lib.
1002 688 1058 754 ιιι,

92 788 128 849 ιι,
143 773 185 836 10
200 772 346 849 ascitur,
360 770 757 850 cneocaesaream,
771 754 915 837 nemim
929 773 1061 841 soom

92 893 153 952 rus,
186 894 260 957 quos
289 894 364 939 eam
390 874 582 940 dividebant
611 893 632 938 a
660 874 846 940 continenti.
905 873 1005 954 Quod
1026 879 1061 943 in

101 976 209 1042 Italiae
225 978 377 1060 sylvestri
391 976 505 1041 habitu
525 977 601 1062 quis
614 978 756 1069 mnsam,
769 995 846 1041 cum
860 976 944 1041 tales
963 979 1061 1044 locus

92 1079 188 1143 rdhrm
216 1081 337 1143 sintin
362 1081 482 1144 vicinis
506 1081 603 1156 locis,
630 1078 773 1163 hyberno
797 1083 945 1163 ternpore
973 1098 1063 1166 aqna

92 1184 317 1264 teneamque
338 1180 415 1245 inde
437 1181 618 1275 procedant
636 1179 798 1247 Pomtinae
823 1181 984 1265 paludosi
1016 1183 1061 1248 ct.

92 1281 135 1345 in.
160 1280 257 1345 Latio
280 1289 347 1346 ret.
371 1283 469 1348 Tom.
495 1300 537 1361 ιι,
566 1302 644 1366 pag.
666 1282 742 1348 242.
799 1283 916 1369 Itaque
939 1283 1061 1351 Strabo

92 1400 148 1447 oca
174 1384 339 1448 maritima
363 1386 525 1468 palustria
549 1392 584 1452 et
606 1388 762 1450 morbosa
785 1388 885 1453 etiam
910 1385 1061 1453 Glrosios

92 1489 110 1549 t
133 1485 191 1549 lib
209 1502 244 1562 ν,
263 1507 299 1570 p.
322 1487 388 1552 353
413 1505 434 1551 c
459 1493 493 1552 et
517 1487 591 1571 ipso
617 1486 765 1552 Ciromus
786 1506 884 1551 mons
907 1487 974 1571 ipsi
996 1492 1059 1563 est,

92 1605 172 1651 nare
184 1592 217 1652 ot
230 1588 371 1669 paludes
384 1590 523 1653 insulam
536 1590 682 1654 iaciunt:
715 1589 747 1652 ri
764 1585 1003 1676 Κιρκαῖον-ὅςας
1017 1612 1062 1665 ιη-

92 1685 293 1773 §delinara
309 1686 389 1751 xoel‘'
374 1702 451 1752 ελεσι
453 1710 513 1773 ,.p
527 1691 639 1755 35511.

92 1811 128 1852 ιιι
149 1791 299 1873 appellat
323 1791 465 1855 insulam
487 1790 842 1875 Homerns,l1irroquo
866 1741 964 1859 Maro
985 1810 1061 1877 sup

92 1890 177 1964 336
192 1888 286 1954 AEaeae
300 1888 403 1954 insula
420 1888 536 1955 Circes.
585 1890 664 1957 Fuit
685 1910 817 1975 quoqne
831 1891 864 1956 ιδ
879 1897 1037 1981 Κιρκαῖον
1027 1912 1062 1961 ιιι

92 1992 141 2057 le:
172 2013 205 2057 r.
221 1991 450 2074 Apollonia,
471 1992 548 2058 2⁰0.
571 2010 613 2070 ιι,
625 1992 702 2057 402.
755 1989 933 2070 Quomodo
953 2002 1062 2061 autem

102 2096 139 2159 in
151 2094 216 2159 hoc
230 2095 371 2159 incidere
385 2095 561 2179 potuerint,
576 2100 614 2159 ut
636 2092 752 2159 Circen
766 2112 811 2158 ex
825 2094 905 2172 AEa,
921 2093 1063 2160 Colcho·

92 2197 140 2274 be,
159 2198 269 2261 AEetae
282 2200 369 2280 regis
390 2216 531 2262 sororem
547 2216 591 2260 ex
605 2196 684 2260 Sole
696 2200 731 2260 et
745 2195 860 2273 Persa,
873 2197 1065 2261 uanslutsm

92 2299 164 2363 llam
191 2300 276 2363 hanc
305 2299 517 2376 collocarent,
541 2297 601 2362 vix
624 2302 821 2380 assequatur
842 2297 978 2380 aliquis,
999 2298 1064 2363 nisi

92 2401 157 2464 oris
171 2399 316 2467 Graeciae
331 2399 548 2481 ignorantiam
573 2397 782 2480 geographiae
808 2400 922 2464 animo
943 2404 1062 2466 teneat.

91 2502 158 2566 ntis
182 2501 301 2566 faciem
327 2506 359 2564 et
384 2500 465 2563 fines
490 2503 566 2562 anto
587 2498 732 2583 Trojano
757 2505 907 2582 tempora
928 2518 1063 2582 prorsus

92 2609 157 2668 rant
171 2602 295 2679 Graeci,
309 2622 371 2666 nec
386 2606 460 2665 ante
475 2601 659 2664 Homerum
679 2601 742 2664 nisi
765 2600 940 2666 fabulosas
952 2620 1063 2667 narra·

92 2706 128 2771 de
141 2727 183 2771 eo
197 2707 295 2788 vulgo
309 2705 514 2769 audiverant.
574 2703 694 2786 Itaque
707 2722 795 2786 pone
809 2703 959 2771 Siciliam
973 2723 1064 2791 mag-

92 2820 237 2874 lceanum
263 2803 521 2870 circumductum
534 2823 641 2888 usquo
663 2804 705 2867 ad
729 2806 982 2887 septentrionem
1002 2828 1065 2895 pa.

92 2910 227 2975 edidisse
241 2908 414 2972 videntur.¹
448 2905 472 2970 J
474 2926 527 2969 am
539 2905 602 2968 fuit
615 2903 730 2967 fabula
742 2905 858 2988 aliqua
867 2909 1064 2994 perantiqua

92 3032 121 3077 :e
141 3012 230 3076 Solis
244 3010 321 3085 filia,
338 3008 392 3072 cni
407 3007 517 3069 insula
530 3006 563 3067 in
577 3005 640 3068 hoc
657 3007 740 3067 mari
755 3007 916 3087 assignari
930 3015 1063 3093 ooeptu:

92 3134 104 3179 e
117 3113 242 3177 adiisse
255 3111 374 3174 narrati
389 3113 464 3171 sunt
477 3104 689 3187 Argonautae,
703 3123 854 3187 qnorum,
864 3126 923 3170 sen
935 3106 1064 3174 Tanain

92 3234 162 3279 rum
175 3217 389 3287 invectorum,
402 3230 445 3273 ex
460 3207 620 3272 Colchide
633 3205 758 3270 reditus
773 3227 832 3290 per
846 3207 947 3272 talem
956 3206 1067 3274 Ocea·

92 3317 202 3399 rualem
218 3323 295 3378 tunc
321 3313 387 3376 sibi
407 3311 504 3373 finxit
528 3309 719 3390 antiquitas,
734 3307 842 3372 lactus
855 3308 955 3373 facile
975 3311 1065 3377 orodi

152 3416 352 3498 Temporum
382 3432 538 3476 successu
569 3411 660 3474 orbis
687 3411 741 3475 hic
771 3411 893 3494 priscae
921 3410 1065 3480 Graedoe

92 3518 190 3585 rediri
206 3519 346 3580 navibus
364 3515 479 3597 coepit,
496 3513 683 3594 sensimque
698 3511 817 3589 ltaliae,
832 3511 968 3591 Galliae,
984 3512 1066 3580 His·

97 3622 215 3685 notitia
236 3619 348 3700 aliqua
369 3617 477 3680 verior
499 3634 540 3678 ac
564 3616 684 3678 certior
706 3616 789 3678 inter
802 3612 943 3679 Graecos
961 3615 1067 3682 incre·

92 3743 112 3788 r.
156 3718 460 3785 Accommodarunt
473 3718 585 3800 itaque
607 3713 730 3799 podiae,
755 3734 818 3798 pro
840 3735 911 3780 sum
925 3716 1067 3801 quisque

462 3911 571 3964 NOTA.

92 4040 195 4106 mirac
207 4054 272 4090 ome
283 4056 339 4091 esre
350 4041 496 4091 memineris
537 4054 633 4090 annum
643 4050 727 4107 mv,
737 4044 815 4092 orme
826 4038 889 4091 mihi
900 4038 1018 4088 consult
1029 4032 1068 4085 ln·

92 4119 157 4169 rimu
164 4120 289 4183 editione,
301 4119 420 4185 adeoque
435 4126 497 4169 unte
537 4118 649 4184 telligu.

92 4230 159 4282 aa
172 4232 302 4282 vacas.
510 4231 579 4298 νη.
688 4224 696 4245 ·’
864 4214 868 4223 ’
931 4229 963 4278 rs
978 4225 1003 4276 o
