2664 4686
118 304 206 370 4316
510 315 712 366 nxeunsus
732 314 817 365 vrrr.

116 468 321 536 uirorumue
334 468 482 550 conspici
494 467 596 532 trudit
603 464 833 550 Cupmurtiuus
845 486 925 550 png.
934 453 1008 532 12'2
1020 486 1076 551 sq.
1102 462 1207 530 Funis

118 574 150 635 in
177 571 253 633 ioco
280 569 364 631 inter
390 574 487 631 vetus
514 567 721 632 Amiternum
748 575 784 631 et
809 570 1030 633 recentiorem
1060 570 1208 635 umaro

116 668 237 755 Aquila
253 672 345 747 sitos
368 690 453 733 nunc
470 666 578 732 Ciuitu
596 667 739 732 Temnon
761 668 883 746 dictos,
902 670 994 733 satis
1016 670 1207 753 explosum

115 779 174 837 est
218 771 318 850 Quod
333 773 558 855 tameupoeta
578 772 717 836 Forulos
735 774 818 835 inter
841 768 1034 856 Casperium
1056 778 1094 837 et
1107 760 1207 854 Μ

116 868 264 936 Himella
284 876 489 950 memoravit,
517 880 737 937 transversum
761 874 828 953 egit
852 873 963 938 virum
993 874 1208 939 doctissimi!

115 975 215 1039 modo
236 976 418 1052 laudatum,
448 984 483 1038 ut
510 971 623 1037 Forum
652 996 775 1053 crocum,
799 976 888 1058 quod
917 978 1014 1041 circu
1043 975 1209 1041 nimau·

116 1077 216 1140 situm
230 1077 301 1156 suit,
318 1084 352 1140 et
368 1075 482 1140 Forum
497 1075 592 1141 Decii
614 1078 749 1161 po‘c‘tam
763 1079 951 1161 respexisse
968 1082 1120 1161 putaret.
1159 1070 1209 1141 Sd

115 1176 228 1259 poetae
241 1179 305 1243 hoc
319 1180 569 1245 condonandum
583 1189 644 1257 est,
658 1183 743 1245 utin
754 1181 922 1261 regionum
940 1180 1012 1242 situ
1027 1176 1209 1261 geog‘rupli·
1246 1192 1248 1227 ³

116 1298 192 1344 eum
205 1283 418 1347 subtilitatem
438 1283 579 1346 deserat.
618 1263 694 1346 715]
721 1278 857 1342 Tiberim
871 1299 919 1343 se.
935 1299 1007 1363 qna
1032 1285 1130 1362 patet
1144 1279 1210 1341 'uter

116 1379 241 1444 Narem
257 1387 291 1445 et
304 1381 474 1445 Anienem.
508 1379 651 1459 Fabaris,
671 1383 747 1445 aliis
768 1377 928 1461 Farfarus,
942 1399 1035 1443 nuuc
1052 1376 1166 1461 Fors«,
1176 1374 1210 1441 td

115 1479 262 1546 'libetim
276 1483 453 1547 deseendit.
475 1484 553 1548 716.
578 1478 708 1560 Nursia,
730 1501 817 1544 nunc
834 1477 965 1557 Noreia,
979 1499 1105 1544 versus
1117 1479 1209 1545 tour

117 1581 220 1648 Neris
236 1587 318 1650 inter
336 1588 494 1650 montium
509 1585 640 1667 frigora,
663 1592 696 1646 ct
723 1580 841 1660 Horta,
855 1581 897 1645 ad
920 1581 1011 1646 ostia
1027 1580 1143 1659 Naris,
1156 1596 1210 1664 qur

114 1683 230 1749 'liberi
255 1689 450 1763 immittitur,
475 1707 497 1750 a
524 1687 634 1750 Plinio
663 1684 797 1769 oppidis
825 1683 966 1747 Fitruriae
993 1688 1208 1755 momenta,

114 1784 194 1847 nihil
209 1786 409 1851 difficultatis
422 1790 553 1851 habent.
599 1785 718 1868 Populi
735 1783 848 1847 Larini
868 1783 1077 1866 intelligendi
1093 1784 1164 1847 sive
1177 1780 1210 1843 dt

115 1884 254 1948 coloniis
269 1885 399 1949 Ietinis
413 1890 447 1950 in
466 1907 579 1969 agrum
603 1888 763 1951 Sabinum
790 1886 953 1962 deductis,
978 1887 1056 1948 sive
1070 1884 1115 1947 de
1127 1881 1211 1968 oppi-

114 1984 166 2048 dis
181 2004 203 2049 u
215 1984 342 2049 Ietinis
357 1988 500 2051 conditis
523 1995 556 2052 et
578 1988 746 2064 habitatin,
767 2008 843 2071 quae
856 1993 1045 2069 temporum
1063 2000 1218 2048 successu·

27 2079 29 2082 ’
114 2087 149 2149 in
172 2086 365 2151 Sabinorum
389 2088 750 2163 ditionemcesseruut.
795 2087 873 2150 Hoc
896 2085 1035 2150 Cluver.
1057 2102 1135 2168 peg-
1154 2082 1209 2149 etl

114 2187 247 2252 statuit:
271 2187 358 2251 conf.
386 2187 590 2271 Capmartin.
613 2209 690 2272 pag.
715 2189 781 2253 136
803 2207 877 2271 sqq.
919 2189 998 2251 717.
1024 2185 1127 2262 Attia,
1149 2180 1210 2247 e'xi·

114 2307 213 2366 guum
227 2289 359 2366 flumen,
376 2288 597 2354 Romanorum
614 2289 708 2353 clade
733 2308 754 2351 a
775 2287 884 2350 Gallis
909 2293 1054 2369 accepta
1067 2286 1149 2350 sutis
1159 2302 1211 2348 uo-

115 2393 194 2466 tum,
206 2389 383 2467 dubitatur,
399 2412 465 2474 quo
479 2393 553 2455 loco
562 2392 748 2467 defluxerit.
795 2388 968 2452 Cluverius
991 2407 1070 2451 esse
1084 2385 1211 2452 credidit

114 2503 244 2553 amnem
261 2488 326 2553 Rio
340 2491 377 2553 de
392 2514 496 2568 morso,
513 2493 743 2575 Capmertiuus
764 2509 892 2553 amnem
908 2485 942 2549 S.
959 2486 1126 2551 Giooormi
1138 2482 1211 2549 delio

116 2585 146 2649 Τ
144 2609 222 2666 erre,
244 2594 300 2672 qui
324 2592 408 2654 inira
426 2589 533 2652 Custel
549 2590 696 2653 Girebileo
719 2591 832 2655 Tiberi
854 2590 1021 2674 jungitur:
1044 2589 1116 2655 vid.
1139 2584 1210 2653 ibid·

112 2708 190 2771 pag.
205 2690 269 2752 rie
283 2709 332 2771 sq.
378 2689 529 2753 Ceterum
545 2693 579 2753 tn
597 2690 722 2753 sauros
747 2693 906 2755 ausuum
926 2676 1089 2774 pedat
1103 2688 1212 2774 origin

114 2785 273 2870 Spartana
291 2790 585 2866 commemoranda,
601 2793 655 2854 eui
670 2792 959 2856 comminiscendae
980 2811 1112 2856 morum
1128 2808 1210 2855 sever

112 2889 193 2953 ritus
207 2890 488 2972 opportunitatem
503 2892 632 2956 fecerat.
677 2894 766 2958 Vide
782 2895 835 2959 vel
850 2892 944 2957 Serv.
957 2893 1001 2956 ud
1018 2911 1104 2971 vrri,
1119 2890 1191 2959 638.

154 2986 220 3056 722
235 3010 329 3075 seqq.
347 2989 491 3072 Halesus,
507 2995 560 3057 vel
577 2993 699 3073 Aleum,
723 2996 860 3061 adducit
884 2995 1032 3077 populos
1057 3015 1078 3058 e
1101 2991 1210 3078 priscis

113 3092 334 3157 Auruncorum
350 3100 383 3158 et
401 3092 547 3157 Oscorum
565 3096 711 3159 sedibus.
758 3095 902 3158 Fuerunt
918 3096 975 3158 isti
990 3102 1137 3159 veterum
1151 3092 1210 3157 Au·

112 3214 229 3259 sonum
243 3195 404 3278 reliquiae,
418 3197 613 3278 tandemque
628 3216 648 3258 a
662 3195 825 3259 Romanis
837 3195 932 3258 deleti
947 3203 1035 3259 sunt.
1061 3195 1208 3267 Halesus,

112 3297 376 3380 Agamemnonius
392 3298 501 3362 dictus
516 3320 548 3361 v.
562 3299 639 3374 723,
654 3297 741 3380 quud
755 3298 923 3381 accipiunt
935 3303 973 3360 ut
984 3297 1029 3362 sit
1044 3296 1210 3379 Agamem*

111 3397 208 3459 nonis
230 3396 328 3459 filius.
372 3396 414 3459 Id
438 3416 517 3460 vero
541 3399 683 3461 alienum
707 3417 729 3460 a
750 3395 863 3478 poeta.
910 3395 1000 3459 Nam
1019 3398 1078 3460 ins.
1095 3398 1154 3461 lib.
1177 3411 1209 3471 x,

109 3494 175 3562 417
188 3504 282 3580 peter
297 3499 362 3581 ipsi
377 3499 478 3562 fuisse
493 3500 629 3563 traditur
640 3511 734 3575 votes,
752 3500 809 3580 qui
834 3517 937 3561 senex
956 3499 1044 3562 obiit
1058 3508 1090 3562 et
1103 3499 1211 3574 filium,

111 3598 208 3681 cujus
231 3597 301 3662 satu
321 3600 531 3682 praeviderat,
556 3604 589 3664 in
617 3603 713 3685 sylva
736 3601 900 3664 educavit.
953 3598 1215 3684 Agamemnonio

109 3700 209 3781 igitur
224 3698 267 3760 ed
282 3700 439 3782 originem
455 3703 581 3783 generis
595 3703 706 3766 referri
725 3720 862 3765 necesse
881 3707 947 3764 est:
969 3700 1005 3763 id
1021 3702 1115 3783 quod
1131 3721 1216 3767 eom·

110 3803 240 3879 mentis
258 3820 357 3884 super
372 3802 494 3867 Graeco
514 3804 707 3868 Italicarum
729 3804 859 3867 urbium
873 3803 1013 3884 origine,
1030 3823 1110 3886 quoe
1127 3823 1219 3888 saepe

109 3904 452 3982 commemoravimus,
475 3905 621 3970 debetur.
667 3905 723 3968 Ab
747 3903 883 3986 Argivis
909 3909 1021 3968 nutem
1042 3906 1220 3989 repetitum

108 4011 160 4068 est
175 4024 295 4087 genus:
319 4003 594 4086 ‘Agamemnone
614 4023 715 4080 caeso,
740 4004 784 4067 Et
807 4005 915 4069 scelus
937 4010 970 4067 et
991 4004 1124 4087 patrius
1137 4005 1223 4089 fugit

112 4104 262 4171 llulesus
278 4125 361 4191 opes
368 4104 387 4172 :'
410 4104 551 4173 Ovidius
566 4104 681 4172 Amor.
699 4121 757 4184 111,
773 4106 827 4185 13,
843 4106 898 4171 31.
912 4105 968 4186 32,
983 4109 1022 4172 ut
1033 4105 1124 4173 adeo
1138 4109 1222 4174 inter
