2664 4686
116 300 206 369 dm
537 319 736 373 excussus
758 320 811 371 rr.

118 486 255 533 cruram
284 486 422 533 servans
447 469 510 532 sub
539 469 680 550 imagine
708 468 837 544 falcem,
862 467 1102 553 Saturnusque
1127 474 1215 539 a&

117 568 264 650 Jauique
282 568 434 633 bifrontis
459 570 570 651 imago
585 567 760 633 Vestibulo
774 568 946 633 astabant?
1002 570 1082 636 Hic
1096 566 1216 635 Seli·

116 670 160 733 ad
175 668 329 747 Sabinos
345 674 401 753 qui
424 673 505 735 inter
530 671 772 735 vetustissimos
785 691 829 735 ex
845 669 1047 737 husonibus
1062 672 1164 751 fuera
1174 690 1215 741 ιο·

115 769 266 837 ferendus
281 780 343 847 est,
359 773 465 853 gentis
481 792 502 836 a
515 772 689 848 nonnullis,
703 778 739 834 ut
752 790 773 834 a
785 770 924 851 Catone,
938 780 1063 837 auctor
1077 774 1213 855 balaae

114 870 177 935 etsi
202 871 260 934 alii
284 873 378 935 aliter
402 870 444 934 de
471 872 586 956 populi
609 873 736 953 origine
760 879 793 935 et
814 875 945 935 nomine
968 875 1124 954 argutati
1142 884 1212 941 m

116 970 222 1035 Silius
239 988 320 1048 vrrr,
335 972 401 1035 424
417 969 533 1034 Subura
548 980 668 1038 vocat:
702 973 788 1037 conf.
804 971 971 1055 Pompon.
991 973 1083 1037 Sab.
1101 976 1145 1041 ad
1155 976 1213 1045 hl.

116 1088 184 1149 vu,
200 1072 275 1137 178.
333 1070 438 1135 Italus
460 1080 568 1138 aulem
590 1073 632 1137 ad
656 1073 829 1137 OEuotrios
852 1078 997 1155 spectat,
1013 1096 1106 1159 quos
1119 1076 1213 1143 Au·

68 1154 76 1167 ’
116 1193 194 1239 num
208 1173 306 1237 sedes
319 1176 353 1237 in
368 1181 517 1239 extrema
542 1176 644 1239 Italia
665 1194 850 1257 occupasse
871 1181 914 1254 et,
928 1177 1025 1259 quud
1052 1176 1211 1260 probans

115 1281 177 1350 est,
193 1294 269 1337 cum
283 1274 402 1339 iisdem
416 1277 604 1358 promiscue
616 1276 796 1355 habitasse,
808 1296 910 1361 supra
919 1278 1086 1343 vidimus.
1121 1276 1211 1343 Nn·

114 1394 180 1459 qua
193 1377 227 1438 in
240 1375 292 1438 his
305 1375 388 1438 locis
411 1377 551 1458 primum
567 1377 675 1441 ltaliae
694 1396 812 1440 nomen
831 1376 981 1441 auditum
995 1384 1064 1456 est,
1088 1379 1159 1445 sive
1173 1376 1212 1447 ὼ

114 1476 205 1543 Italo
218 1496 294 1558 rege
319 1478 391 1541 sive
413 1480 457 1541 ab
478 1477 546 1540 alia
561 1498 664 1541 causa
679 1479 825 1542 ductum.
870 1477 968 1542 eous.
984 1479 1210 1547 Bracarum

114 1576 159 1645 ad
177 1579 235 1643 lib.
253 1597 278 1645 1.
335 1578 456 1643 Italum
479 1578 664 1655 OEnetries,
680 1581 738 1661 qui
750 1578 891 1660 dispersi
906 1579 1113 1646 habitabant
1125 1578 1211 1663 (apd-

114 1681 188 1757 δας),
212 1679 258 1746 ad
282 1679 513 1762 agriculturam
538 1678 730 1756 adduxisse,
752 1677 844 1759 leges
870 1678 1053 1760 scripsisse
1074 1688 1121 1759 et,
1139 1680 1210 1747 iun

114 1778 193 1857 alia,
208 1780 364 1844 sodalitia
378 1781 598 1861 conviviaque
611 1780 747 1863 publica
761 1776 925 1857 (συσσίτια)
943 1778 989 1843 ad
1005 1796 1210 1865 suurnuupr

114 1880 245 1962 tempus
256 1878 462 1961 frequentata
476 1881 685 1944 constituisse
706 1885 819 1944 narrat
839 1877 1042 1943 Aristoteles
1067 1881 1112 1945 do
1135 1879 1211 1965 aq

116 1994 184 2058 vu,
213 1981 267 2057 10,
303 1980 394 2064 quod
428 1982 548 2044 frustra
582 1985 740 2044 conantur
766 1964 823 2043 ad'
840 1979 1021 2044 Saturnum
1053 1998 1210 2047 revocare·

116 2076 240 2161 Quidni
255 2076 420 2144 ffirotriis
432 2099 512 2144 suas
526 2080 657 2144 fabulas
670 2080 909 2161 relinquimus?

159 2180 275 2246 Altera
307 2183 490 2267 mythorum
516 2181 710 2246 Latinorum
734 2180 1036 2264 interpolandorum
1065 2184 1151 2251 ratio
1171 2182 1208 2249 ab

116 2284 303 2366 allegoricis
317 2285 559 2349 narrationibus
574 2282 732 2366 profecta,
759 2300 842 2364 quas
857 2282 893 2345 iu
903 2282 1122 2349 historiarum
1134 2282 1209 2350 ordi-

113 2403 190 2448 nem
225 2392 258 2449 et
291 2404 463 2450 numerum
491 2385 630 2448 senones
659 2383 856 2448 retulerunt:
897 2383 989 2466 quod
1017 2383 1110 2449 idom
1137 2386 1208 2449 inter

53 2558 61 2570 ‚
115 2483 257 2553 Graecos
284 2494 318 2550 et
345 2507 459 2551 omues
482 2487 611 2550 omnino
640 2491 796 2548 terrarum
823 2484 968 2569 populos
997 2484 1126 2550 factum
1144 2504 1208 2551 essu

114 2587 215 2652 modo
229 2590 263 2651 in
277 2588 389 2651 multis
402 2587 503 2651 modo
518 2588 552 2649 in
566 2588 683 2669 paucis
703 2586 912 2650 manifestum
927 2593 991 2650 est.
1035 2586 1094 2651 Ita
1107 2588 1207 2653 Satur—

114 2707 188 2764 nus,
216 2687 363 2765 Faunus,
384 2688 503 2764 Janus,
526 2690 607 2751 inter
631 2688 740 2753 Latini
762 2689 903 2772 majores
926 2687 1024 2753 relati
1050 2695 1137 2766 aaut,
1157 2686 1206 2771 qui

114 2793 222 2851 tamem
237 2788 424 2870 symbolica
436 2787 564 2851 fuerunt
577 2789 709 2852 nemina
723 2807 764 2853 ac
777 2790 881 2871 signa,
906 2789 1030 2872 quihus
1041 2792 1154 2855 varias
1163 2804 1207 2853 rur

112 2884 273 2969 physicas
287 2889 321 2947 et
334 2886 457 2947 ethicas
471 2886 665 2948 declarabat
686 2896 781 2953 vetris
805 2890 923 2970 ltalia3
953 2894 991 2953 ut
1011 2889 1204 2957 Excmsua

65 2990 68 2995 ’
114 2985 312 3053 videbimus.

156 3086 224 3152 Sed
246 3089 405 3173 majorem
428 3086 577 3151 mutandi
600 3092 632 3149 et
656 3086 701 3150 ad
723 3088 923 3170 peregrinam
947 3087 1205 3157 indoleminfflr

113 3190 201 3255 teudi
215 3191 346 3272 mythos
372 3189 509 3253 Latinos
531 3189 710 3266 licentiam,
731 3188 823 3253 tertio
848 3188 1204 3273 quidnamque

112 3293 262 3359 insanum
287 3291 495 3355 Graecanicae
519 3289 677 3355 doctrinae
699 3292 734 3355 in
759 3292 884 3374 patrias
906 3292 1066 3359 historias
1087 3299 1123 3359 et
1139 3290 1204 3359 red·-

112 3393 227 3473 giones
247 3390 422 3456 inferendae
447 3391 592 3455 studium
618 3392 700 3455 iuter
715 3390 900 3470 Romanos,
920 3394 1016 3475 quod
1030 3414 1052 3460 a
1064 3394 1201 3479 pluribus

110 3493 222 3555 causis
249 3493 433 3575 profectum
459 3500 519 3558 est.
579 3491 705 3558 Partim
735 3495 821 3557 enim
852 3494 1046 3561 domesdcae
1068 3495 1198 3561 historia

109 3591 306 3675 antiquioris
319 3594 510 3676 ignorantia,
534 3600 567 3659 ot
591 3596 718 3677 plenior
739 3595 992 3677 expeditiorque
1019 3595 1198 3662 Graecam

109 3712 215 3758 rerum
241 3696 396 3775 cognitio,
421 3699 543 3779 partim
566 3697 759 3761 Graecorum
781 3697 1011 3761 historicorum
1025 3698 1197 3781 exemplum

110 3795 144 3860 iu
157 3796 336 3877 originibus
350 3798 470 3861 veteris
486 3798 593 3862 ltaliae
608 3818 627 3860 e
642 3797 778 3861 Graecia
793 3800 1010 3875 arcessendis,
1033 3812 1196 3881 eorumqat

109 3896 151 3961 de
176 3903 322 3962 veterum
349 3896 566 3981 Pelasgorum
595 3899 825 3962 communibus
854 3919 930 3963 cum
960 3899 1137 3965 Ausonum
1154 3893 1197 3963 rel

108 3996 327 4082 Aboriginum
355 4006 449 4082 gente
478 4001 614 4064 sedibus
641 4002 786 4064 narratio
813 4007 847 4065 et
874 4000 1069 4084 disputatio,
1091 3998 1196 4086 partin

108 4098 251 4188 denique
280 4102 573 4175 animadversam
598 4103 764 4179 uounrsslis
789 4103 1000 4172 Graeanicae
1022 4103 1199 4189 origipiaot
