2692 4974
438 366 490 417 nn
512 360 685 417 sunrnos
703 364 785 415 nrn.
809 364 874 415 vn.
1115 346 1206 421 Μ

99 508 227 595 ubique
250 510 314 575 fuit
337 513 492 594 superius
518 516 552 575 et
574 508 735 574 Ausonire
749 510 884 591 originis
897 508 1036 591 vestigia
1057 528 1207 579 mansere

99 606 224 696 ntique
238 630 304 675 non
318 613 472 676 obseura.
520 608 632 673 Sabini
646 609 789 694 quidem,
804 611 862 694 qui
887 630 928 675 ea
947 611 1024 675 loca
1043 612 1206 680 inhabita
1335 656 1341 671 ι

99 714 190 792 tuit
213 716 249 778 in
272 714 392 798 quibus
419 711 573 777 Ausones
598 732 656 775 seu
684 710 879 794 Aborigines
900 712 1035 777 Umbris
1058 715 1207 798 expulsis

99 821 330 879 successerant
352 813 508 897 (Dionys.
527 830 553 890 1,
578 814 630 877 14.
656 828 697 889 11,
723 813 776 878 48.
799 814 868 891 49),
890 834 951 896 pro
965 815 1207 889 ¹vetustissimis

99 916 174 1003 ojus
188 917 304 998 stirpis
318 914 451 980 inerunt
468 915 589 980 hahiti:
612 912 657 979 sd
680 933 740 979 eos
762 916 918 998 originem
942 916 1127 981 referebant
1147 914 1208 981 Po

99 1026 212 1096 unies,
238 1013 380 1105 Peligni,
407 1014 600 1094 Marrucini,
628 1012 759 1094 Vestini,
787 1014 905 1093 Murri,
928 1015 1037 1101 AEqui,
1063 1015 1207 1099 Hernici,

100 1114 271 1185 Mnus.
315 1118 348 1182 A
372 1118 575 1183 Samnitibus
593 1115 754 1194 Frentani,
779 1114 923 1201 Hirpini,
941 1115 1077 1196 Lucani,
1103 1126 1137 1185 et
1162 1120 1208 1186 ab

99 1218 152 1285 his
167 1215 297 1283 Bruttii
319 1228 553 1301 provenerant3
579 1239 600 1284 a
622 1219 827 1284 Samnitibus
849 1221 949 1283 etiam
966 1218 1133 1303 Campani,
1147 1220 1208 1303 qui

99 1322 232 1407 priscos
245 1322 396 1385 locorum
415 1322 555 1398 incolas,
570 1322 746 1386 Ausonum
760 1327 794 1386 et
806 1319 1040 1388 Auruncorum
1054 1323 1208 1400 nominis,

99 1438 177 1487 enm
191 1421 356 1498 Etruscis,
372 1423 459 1503 agris
472 1425 599 1504 passim
622 1422 800 1505 ejecerant.
843 1421 1042 1487 Accuratius
1060 1423 1133 1488 iraec
1147 1438 1208 1487 ex·

99 1542 224 1612 ponae
236 1528 329 1587 tanto
341 1525 561 1606 opportunius
579 1524 652 1599 suit,
668 1543 734 1605 quo
757 1524 874 1600 multa,
888 1544 964 1606 quse
985 1526 1020 1588 in
1042 1524 1208 1608 sequenti·

99 1627 164 1693 im
178 1624 226 1690 ad
239 1623 350 1709 poeta
367 1624 666 1706 interpretationem
689 1622 874 1701 offerentum,
889 1625 961 1688 sine
973 1625 1025 1688 his
1038 1627 1099 1689 vix
1112 1620 1208 1693 intel·

99 1726 159 1811 ligi
172 1732 325 1812 possum

142 1826 325 1893 Habemus
346 1829 417 1914 jam
439 1848 645 1895 communem
670 1829 814 1895 Ausonii
842 1830 968 1912 generis
996 1831 1143 1914 stirpem,
1163 1826 1207 1894 do

99 1930 198 2016 onius
211 1931 385 1994 remotiore
400 1932 523 2013 origine
545 1932 729 2016 inquirendi
751 1932 853 1994 locus
867 1950 954 1994 nunc
968 1949 1035 1995 non
1049 1934 1120 2011 est3
1143 1926 1208 1995 etsi

99 2030 250 2117 proclive
263 2036 316 2094 ost
329 2049 351 2094 a
365 2030 504 2095 Celticis
519 2031 655 2114 populis
669 2050 754 2095 -eam
777 2037 933 2112 repetere.
977 2028 1034 2094 Ad
1056 2029 1208 2112 Ligures,

99 2128 272 2199 mertem
286 2150 399 2215 genus,
415 2132 495 2196 olim
508 2151 583 2195 eam
604 2133 743 2196 retulere
767 2131 944 2214 scriptores
957 2129 1048 2213 apud
1063 2130 1207 2215 Dionys.

100 2244 128 2314 t,
141 2234 200 2301 lo.
246 2232 371 2297 Verum
390 2252 451 2297 nec
465 2232 592 2297 definiri
608 2232 787 2316 quiequam
809 2233 844 2295 in
864 2233 1040 2313 agrestium
1060 2230 1208 2312 gentium

99 2334 285 2420 originibus
297 2339 366 2397 tom
385 2334 531 2418 antiquis
554 2338 675 2418 potest,
698 2352 760 2397 nee
784 2332 827 2396 ad
851 2350 950 2395 unum
964 2331 1023 2395 sed
1039 2330 1081 2396 ad
1097 2330 1208 2415 plures

99 2450 121 2501 ο
140 2436 367 2519 septentrione
391 2441 425 2498 et
449 2433 620 2499 occidente
642 2433 857 2499 adventantes
882 2431 1044 2495 barbaros
1062 2432 1208 2515 populos

100 2537 213 2621 pirna
226 2534 387 2600 Italorum
403 2536 496 2618 origo
507 2534 675 2599 referenda
689 2554 763 2599 esse
777 2535 918 2599 videtur.

142 2634 382 2720 Progredimur
395 2656 480 2701 nunc
495 2637 538 2701 ad
554 2637 703 2714 alterurn,
717 2637 806 2720 quod
822 2636 1014 2723 posuimus:
1037 2652 1160 2699 novum
1171 2634 1212 2699 in

99 2740 248 2805 nmine
262 2746 375 2807 nostro
389 2740 572 2804 fabularum
591 2739 750 2816 ordinem,
765 2758 849 2822 quas
864 2734 994 2800 Italicos
1015 2733 1135 2822 mythos
1148 2756 1210 2822 aps

99 2840 220 2923 peiles,
235 2842 280 2905 ab
291 2840 409 2905 iisdem
423 2842 544 2923 priscis
557 2841 707 2923 populis,
720 2840 938 2923 inprimisque
952 2839 996 2902 ab
1016 2836 1209 2903 Ausonibns

99 2939 397 3023 dfflfigimbm,
411 2940 607 3023 procedere:
643 2939 745 3000 modo
770 2936 1029 3013 adolescentum,
1053 2940 1110 3020 qui
1124 2934 1209 3003 'hoeo
1257 2978 1264 2985 -

197 3043 365 3119 tunimos
388 3058 429 3103 eo
454 3037 562 3103 adhuc
584 3036 830 3114 intenderimus,
845 3041 883 3100 ut
897 3036 1123 3101 Romanorum
1141 3038 1209 3103 ori·

223 3141 414 3225 linguaeque
428 3139 559 3204 Latinae
573 3155 696 3202 causas
711 3157 772 3200 suo
786 3136 854 3219 ipsi
864 3136 995 3219 judicio
1005 3156 1048 3201 ex
1061 3139 1211 3222 superio·

105 3246 108 3251 '
207 3241 407 3323 inhiiigsnt:
430 3260 506 3305 cum
522 3239 667 3303 Romani
682 3236 890 3302 Albanomm
903 3238 1013 3303 coloni
1024 3238 1209 3318 suerint,ox

202 3341 338 3424 'ginum,
354 3343 417 3407 hoc
439 3348 493 3405 est
505 3340 691 3418 Ausonum,
707 3360 834 3423 genere,
860 3340 920 3404 sed
943 3358 1019 3403 oum
1043 3339 1208 3424 Pelasgis,

99 3446 144 3523 tt,
156 3444 190 3507 si
202 3442 305 3507 inmas
320 3443 442 3507 fundus
458 3462 533 3506 vere
548 3443 623 3519 init,
633 3462 709 3506 cum
723 3442 879 3526 ijanis
894 3461 935 3506 ac
949 3440 1081 3508 Grecis
1091 3443 1210 3523 mixto,

99 3542 146 3611 nd
156 3542 407 3624 intelligendum
417 3545 451 3607 in
465 3550 595 3625 promtu
609 3550 671 3621 est,
684 3564 866 3609 sermonem
881 3543 1072 3608 Romanum
1085 3562 1109 3609 a
1117 3543 1211 3610 lauti·

100 3642 383 3728 nisinprimisque
398 3646 442 3708 ab
462 3643 598 3709 Albanis
623 3646 817 3728 proiectum,
840 3664 1043 3709 communem
1057 3645 1213 3710 eundem·

101 3762 166 3833 (μ
187 3764 267 3810 cum
293 3763 443 3811 sermone
465 3746 652 3824 Ausonum,
681 3747 848 3830 hujusque
876 3742 1005 3811 nonnisi
1033 3748 1212 3813 dialectum

100 3844 215 3925 turm,
232 3847 402 3911 excultam
417 3854 600 3932 temporum
615 3867 784 3923 successu,
806 3866 883 3911 cum
907 3854 1087 3911 ceteronun
1100 3847 1211 3913 Auso·

100 3945 187 4025 mere
209 3948 330 4030 stirpis
353 3950 550 4030 populomm
575 3967 684 4013 sermo
710 3949 879 4030 antiquam
903 3950 1112 4030 asperitatem
1134 3946 1212 4011 reti·

101 4050 239 4115 mmet
286 4048 449 4114 Habuere
464 4052 560 4134 igitur
575 4051 694 4136 populi
718 4049 839 4126 Italici,
863 4050 970 4133 primo
984 4049 1067 4111 ritus
1082 4047 1210 4113 acroli-
1294 4117 1304 4135 ,¹

101 4148 230 4234 mos,
242 4152 281 4218 in
294 4151 408 4217 multis
429 4152 564 4236 quidem
575 4151 664 4219 hand
683 4148 877 4217 abludentss
897 4167 921 4214 a
940 4147 1085 4227 Grecis,
1099 4151 1212 4215 oeten
