2664 4686
37 352 40 357 ¹
110 280 198 346 4344
509 285 707 339 nxcnnsus
728 286 781 339 ry.

31 434 34 438 '
110 435 651 528 pugnaueralisunacummari:
673 430 1214 517 quamelypeipsrtemeloes-

112 543 158 608 da
176 543 221 607 'sit
242 541 276 604 in
298 538 409 622 operis
432 536 672 620 descriptione:
693 534 843 619 inprimis
857 553 936 599 cum
957 533 1071 617 poiita
1093 535 1131 599 id
1152 542 1213 603 en

110 662 229 730 parum
252 641 371 704 diserte
400 639 612 723 exposuerit:
634 638 700 704 671
722 636 838 701 ‘Haee
864 634 971 713 inter,'
990 636 1062 715 ait,
1085 638 1218 705 11111ῆᾶ-

110 744 175 809 lete
187 743 288 806 maris
306 740 377 805 ibat
399 738 530 821 imago?
574 739 691 803 Potest
712 741 798 805 adeo
815 756 890 800 esse
902 738 1130 818 interestne,
1143 760 1216 824 qu

111 844 249 929 clypeus
269 843 458 920 exhibebat,
483 845 682 923 argumenta,
704 845 763 904 eut
782 838 867 902 inter
879 843 1000 918 cetere,
1014 859 1098 925 quoe
1118 841 1214 925 paim

110 963 248 1010 recensu
261 944 353 1008 sacto
364 949 621 1021 memoraverat3
644 960 710 1025 quo
717 958 817 1004 sensu
829 940 1010 1005 constituto
1025 946 1216 1025 pugnant

112 1052 338 1128 argumentum
352 1064 438 1110 areae
454 1041 705 1108 ceterissimilis.
750 1040 965 1105 Probabilins
974 1030 1103 1121 tamen,
1116 1048 1214 1109 tobn

110 1165 200 1231 mare
216 1167 292 1212 cum
303 1165 415 1231 pugna
435 1146 469 1210 iu
490 1146 667 1209 umbonem
690 1163 732 1208 ac
745 1143 889 1207 mediam
904 1147 1036 1226 partem
1049 1143 1157 1209 luisse
1167 1163 1212 1209 re·

107 1248 246 1332 jectum.
291 1248 344 1314 Ita
365 1253 474 1312 tamen
495 1252 645 1330 superest
668 1245 735 1309 alia
762 1243 947 1322 difficultas,
973 1263 1046 1328 qua
1067 1245 1107 1311 in
1125 1251 1213 1331 parte

110 1349 295 1433 triumphus
315 1348 459 1431 Augusti
479 1338 545 1412 714
567 1366 641 1429 sqq.
663 1365 843 1429 expressus
856 1364 930 1410 esse
954 1346 1064 1412 videri
1089 1347 1211 1414 ‹lebd-

110 1450 235 1517 Saltem
245 1451 281 1516 ln
292 1450 401 1517 medio
416 1449 535 1534 clypeo
554 1449 664 1514 locum
677 1448 737 1513 vix
748 1448 869 1512 habere
879 1448 999 1530 potnit.
1024 1447 1212 1517 Secundum

110 1552 197 1632 haee,
210 1553 241 1617 si
252 1552 342 1636 aequi
352 1570 426 1616 esse
440 1551 604 1628 volumus,
619 1569 715 1615 sunm
730 1549 850 1632 cuique
863 1548 1057 1614 aestimandi
1067 1552 1212 1617 relictum

113 1660 186 1719 esto
201 1654 382 1719 arbitrium.

155 1753 211 1819 An
224 1755 323 1839 clypei
337 1751 508 1838 superficies
523 1762 567 1817 tot
583 1773 685 1816 rerum
706 1751 895 1817 diversarum
910 1763 1099 1838 argumenta
1112 1774 1213 1841 cupere

108 1853 256 1940 pqtuerit,
270 1874 356 1919 nune
371 1875 466 1919 nemo
489 1854 586 1918 sacile
600 1861 745 1936 quaerat:
767 1859 845 1937 post
865 1854 1011 1919 virorum
1033 1854 1214 1939 ingenioso·

30 2023 32 2028 ,
111 1974 332 2041 rumoperam
349 1956 384 2019 in
407 1955 518 2040 clypei
531 1954 779 2020 adumbratione
805 1956 882 2020 stilo
895 1974 982 2020 aereo
996 1955 1093 2022 lacta
1117 1957 1212 2024 collo-

62 2082 64 2085 ·
112 2061 232 2122 catam.
265 2054 415 2122 Altenrm
429 2056 620 2139 exemplum
633 2055 669 2118 in
679 2054 821 2139 Anglica
833 2057 1104 2141 interpretatione
1116 2074 1213 2142 snprs

112 2166 367 2224 commemorate
384 2157 528 2223 vidimus
541 2156 585 2221 ad
608 2155 809 2221 Whitehead
825 2155 1000 2240 judicium,
1017 2156 1058 2220 1..
1073 2157 1118 2223 Ρ.
1139 2158 1213 2225 Boi·

111 2259 197 2324 tardi
211 2267 294 2339 arte,
315 2259 386 2338 sed,
401 2257 490 2342 quod
505 2258 631 2324 sactum
651 2257 823 2335 nollemus,
838 2258 881 2323 ad
905 2258 1046 2342 picturae
1064 2265 1212 2326 naturam
1232 2282 1235 2287 ·

110 2361 249 2444 propius
263 2380 476 2443 expressum
499 2347 647 2438 alterum,
663 2358 754 2444 quod
776 2359 999 2444 anaglyphum
1022 2362 1144 2426 melias
1167 2380 1212 2427 rc·

110 2462 185 2538 fert,
200 2467 271 2526 erte
292 2466 402 2526 tamen
421 2466 456 2526 et
472 2460 603 2545 jndicio
626 2461 723 2524 alteri
743 2459 1019 2543 posthabendum,
1041 2482 1149 2546 opera
1168 2463 1213 2530 Is

110 2562 252 2628 Lorrain
264 2561 308 2626 ad
322 2561 463 2626 Comitis
478 2562 519 2625 de
534 2560 658 2645 Caylus
676 2567 846 2644 praecepta
858 2561 972 2646 (Tom.
988 2580 1106 2629 xxvii
1123 2565 1213 2633 nise

109 2661 153 2726 de
166 2661 296 2726 l'Aced.
311 2661 370 2725 des
385 2660 536 2744 Inscript.
563 2668 586 2726 t.
604 2660 677 2744 111).
700 2661 873 2728 Consentit
886 2670 1025 2748 uterque
1049 2665 1171 2732 artifex
1182 2668 1213 2732 ln

109 2762 184 2840 hoc,
198 2767 235 2825 ut
248 2760 391 2825 exterior
405 2761 517 2845 clypei
526 2780 597 2839 ora,
612 2762 646 2826 in
659 2762 771 2846 plures
781 2763 931 2844 regiones
944 2764 1214 2845 distinctam·

109 2860 292 2945 prehendat
312 2880 364 2938 ea,
379 2880 455 2945 qnae
481 2880 503 2925 a
517 2881 551 2928 v.
565 2863 631 2928 630
645 2862 689 2928 ad
703 2884 737 2928 v.
763 2864 829 2928 670
844 2872 1101 2932 commemorata
1122 2872 1212 2950 surt3

108 2963 236 3046 reliqua
250 2966 360 3027 autem
374 2964 410 3027 in
436 2963 622 3029 interiorem
636 2983 747 3030 aream
771 2966 933 3053 rejiciunt.
978 2965 1213 3035 Exteriorisil-

109 3063 176 3131 lius
191 3084 259 3130 orae
286 3065 435 3148 regiones
459 3067 659 3131 constituunt
676 3071 811 3151 uterque
830 3065 1015 3134 duodecim.
1061 3068 1148 3134 Sunt
1165 3074 1214 3135 ta·

110 3185 185 3231 men
198 3167 277 3245 alia,
292 3167 327 3230 in
341 3168 463 3249 quibus
485 3168 519 3231 in
534 3165 668 3232 diversa
680 3167 818 3246 abeunt3
840 3167 875 3230 in
889 3167 966 3232 aliis
981 3174 1119 3252 uterque
1133 3169 1213 3234 veri·

109 3272 210 3333 tatem
234 3269 414 3350 argumenti
442 3274 475 3330 et
495 3268 596 3331 moris
618 3265 763 3330 Romani
790 3266 952 3334 deserunt.
997 3268 1066 3333 Sed
1087 3271 1214 3354 singule

108 3369 263 3452 persequi
288 3370 385 3446 velle,
410 3368 561 3451 inprimis
588 3368 680 3431 nulla
695 3369 806 3452 clypei
830 3368 1050 3435 delineatione
1073 3371 1211 3456 adjecta,

110 3469 281 3534 t'astidium
304 3470 438 3534 faceret.
484 3468 674 3534 Interiorem
696 3490 806 3535 aream
829 3471 873 3535 ab
898 3473 1064 3537 exteriore
1086 3478 1213 3557 separat

111 3570 355 3636 circumductus
369 3570 404 3634 in
418 3571 543 3648 orbem,
559 3569 618 3634 sed
629 3573 715 3635 tenui
730 3572 844 3650 limbo,
867 3570 1038 3650 Oceanus,
1053 3574 1213 3655 innatant,

110 3671 201 3754 quod
227 3670 351 3749 rideas,
381 3671 562 3755 delphines.
608 3670 711 3756 Apud
736 3672 922 3738 Homerum
949 3680 983 3739 et
1014 3673 1213 3755 Hesiodum,

111 3770 266 3839 Oceanus
281 3777 461 3838 extremam
474 3773 583 3857 clypei
604 3793 695 3837 oram
710 3774 823 3839 ambit.
866 3773 916 3839 At
925 3773 1089 3857 Virgilius
1111 3774 1216 3842 Ocea·

109 3892 190 3938 uum
203 3874 335 3939 omnino
363 3893 430 3938 uon
454 3880 625 3954 memorat,
639 3874 701 3939 sed
715 3876 780 3941 671
804 3876 987 3942 ‘tumidum
1007 3877 1122 3956 mare,’
1142 3878 1216 3945 scil.

112 3973 259 4043 Ionium:
282 3976 372 4062 qnod
384 3977 486 4041 nostri
500 3976 643 4041 artifices
657 3978 693 4041 in
707 3996 784 4040 area
795 3978 948 4042 interiore
961 3985 1108 4062 ponunt3
1131 3979 1218 4050 hene

111 4078 207 4158 enim,
229 4099 288 4147 seu
310 4077 485 4147 umbonem
506 4079 615 4166 clypei
628 4082 680 4159 (ut
699 4077 783 4145 adeo
806 4079 1003 4152 ‘Inmedio'
1023 4085 1139 4152 1675
1161 4084 1218 4164 sit,
