2664 4686
469 339 521 388 ru
545 336 716 388 uuurnos
740 336 812 385 nra.
834 341 867 385 v.
1126 321 1220 390 4193

112 488 184 549 trau
204 481 294 547 idem
317 483 361 547 ab
382 482 495 566 aquila
513 489 639 567 mpbu,
654 485 734 548 dura
752 484 904 548 sublimis
923 484 958 548 in
980 484 1089 550 adrem
1109 487 1219 570 fertur,

108 586 349 652 allatrautibus
370 586 455 651 intra
476 588 624 651 canibus.
670 587 768 652 Forte
794 595 903 651 tamen
926 588 1036 653 dicere
1062 599 1223 673 praestata
1310 606 1319 617 ·

114 689 229 771 priora
249 688 360 751 valere
384 688 428 751 ad
450 694 600 753 curatum
618 688 787 772 podticum
808 695 842 753 et
860 708 973 753 verum
993 701 1221 773 argumentum

114 807 190 854 oese
205 790 403 866 habendum,
422 790 513 874 quod
534 811 553 854 e
575 797 706 869 venatu,
728 811 785 855 seu
805 791 889 854 inter
908 799 1083 858 venarrtum
1098 800 1222 863 turmas

115 910 200 974 puer
214 893 258 956 ab
272 893 386 977 aquila
405 899 520 975 raptus
542 895 576 957 in
598 894 738 958 sublime
758 892 868 958 sertm.
914 893 1040 960 Firmat
1056 896 1221 979 judicium
1294 900 1297 905 ’

117 992 245 1058 Statius
259 994 364 1059 Theb.
383 1013 407 1072 1,
423 996 489 1061 548
502 1016 553 1079 sq.
577 1001 588 1030 ‘
606 997 696 1061 Hinc
718 996 882 1079 Phrygius
899 995 999 1059 fulvis
1012 1004 1147 1063 venator
1160 1001 1222 1064 tol·
1275 1002 1286 1018 ‘

115 1093 195 1158 litur
223 1096 311 1177 alis;
346 1096 494 1180 Gargara
521 1097 689 1173 desidunt,
721 1098 864 1177 surgenti
885 1102 919 1160 et
946 1097 1048 1181 Truja
1072 1102 1221 1166 recessit.

119 1195 216 1261 Stant
229 1199 342 1263 maesti
357 1200 505 1278 comitae,
518 1199 704 1282 frustraque
726 1200 878 1263 sonantia
896 1199 1011 1265 laxant
1026 1200 1095 1265 Ora
1109 1223 1222 1283 canes,

118 1300 333 1384 umbramque
348 1306 471 1383 petunt,
492 1307 525 1366 et
545 1301 658 1366 nubila
678 1300 819 1365 latrant?
863 1301 942 1364 Hac
964 1305 1078 1384 specie
1100 1325 1144 1368 cx
1166 1327 1222 1371 ve·

117 1408 199 1468 natu
211 1404 300 1486 rapti
315 1402 530 1487 Ganymedis,
546 1404 717 1468 allatrante
736 1403 820 1467 infra
833 1410 1054 1480 cane,·statua
1067 1413 1117 1470 est
1132 1410 1223 1491 apud

117 1503 306 1588 Hispanos,
334 1507 368 1570 iu
394 1504 484 1588 regia
512 1505 592 1570 villa
620 1504 656 1567 S.
682 1503 875 1587 Ildephonsi
904 1507 949 1582 (ιι.
976 1502 1093 1568 Caiure
1123 1507 1222 1594 Vayo

118 1607 266 1674 ltaliauo
286 1608 384 1673 Tem.
400 1625 428 1672 11
452 1628 487 1690 p.
502 1605 584 1691 141)
605 1612 637 1671 ct
658 1607 777 1671 Remae
800 1606 892 1670 aliud
912 1609 1050 1689 siguum,
1066 1609 1223 1676 refectum

116 1716 151 1775 et
172 1715 300 1775 sartum
324 1729 346 1774 a
367 1710 535 1794 sculpture
558 1709 689 1773 Pacetti
709 1707 759 1792 (v.
780 1706 938 1772 Guattani
959 1707 1156 1777 Munimenti
1174 1714 1223 1777 in-

114 1810 200 1877 editi
224 1811 313 1878 1786
335 1833 370 1896 p.
384 1808 456 1894 76).
501 1800 761 1893 Ertat'queque
783 1808 914 1889 signum
936 1812 1021 1893 rapti
1043 1812 1086 1874 ab
1112 1816 1225 1897 aquila

116 1909 371 1997 Ganymedis-in
386 1911 481 1976 Atrio
503 1911 722 1976 Bibliothecae
747 1910 783 1975 S.
799 1909 909 1975 Marci
923 1909 1076 1978 Venetiis
1093 1913 1140 1996 (v.
1157 1915 1225 1982 Za·

115 2013 204 2079 mai
217 2011 303 2077 delle
317 2013 448 2077 antiche
462 2013 577 2079 Statue
595 2018 658 2076 ete.
679 2011 778 2077 Tom.
794 2028 834 2075 11.
848 2013 871 2075 l.
885 2009 934 2095 7.)
956 2012 1090 2078 ductum
1105 2016 1190 2081 forte
1203 2038 1225 2082 a

114 2114 303 2182 -lreocbaris
323 2116 416 2200 signo
436 2115 527 2198 apud
545 2114 692 2178 Plinium
708 2130 852 2191 xxxiv,
873 2115 925 2192 19,
941 2114 981 2178 11
1014 2116 1225 2185 ‘leochares

116 2218 227 2298 (ecit)
240 2217 388 2301 aquilam
406 2217 598 2281 sentientem
618 2215 700 2299 quid
716 2217 827 2298 rapiat
847 2215 882 2278 in
904 2214 1112 2298 Ganymede,
1125 2224 1158 2283 et
1171 2222 1226 2286 cui
1294 2261 1306 2287 .

115 2321 218 2397 saraa
232 2323 423 2404 parcentem
435 2318 614 2399 unguibus,
628 2317 730 2381 etiam
751 2336 810 2400 per
826 2316 976 2381 vestem?
1017 2315 1227 2389 Adnmbrala

115 2427 172 2487 eet
184 2418 306 2485 mem
319 2438 373 2483 res
386 2417 486 2483 simili
499 2416 600 2483 modo
614 2417 649 2480 in
667 2418 775 2482 nuruis
789 2417 1048 2496 Dardauiorum,
1063 2419 1152 2486 Geta
1164 2423 1227 2487 im·

120 2528 276 2608 munte:
297 2519 411 2606 (cujus
426 2519 554 2602 generis
568 2539 670 2583 uuum
683 2518 814 2583 videbis
828 2536 1021 2602 expressum
1035 2521 1069 2584 in
1085 2520 1227 2589 Cabinet

121 2627 166 2692 du
181 2626 263 2691 Duc
280 2622 453 2688 d'Orleans
472 2623 556 2686 inter
575 2625 762 2685 ornamenta
782 2620 880 2686 Tum.
897 2638 921 2699 1,
941 2629 976 2705 p*-
989 2622 1047 2705 48)
1067 2626 1148 2689 etin
1161 2627 1227 2692 alio

121 2745 224 2792 numo
248 2725 437 2789 Iliensium:
469 2721 537 2787 vid.
561 2721 688 2786 Eclrhel
713 2722 876 2809 Doctrina
894 2742 1021 2790 numor.
1047 2732 1114 2791 vet.
1135 2727 1175 2792 P.
1202 2745 1227 2792 1.

122 2828 203 2894 Vol.
221 2844 264 2907 ιι.
284 2847 317 2910 p.
332 2825 408 2891 486.
453 2824 595 2890 Diversa
608 2825 656 2888 rei
670 2826 783 2909 specie
797 2830 848 2889 est
867 2824 954 2889 alius
973 2825 1145 2893 Iliensium
1167 2849 1228 2895 nu·

118 2949 198 2999 mus
211 2930 248 2994 in
264 2927 384 2992 Museo
398 2925 538 3010 Arigoni
551 2925 646 3004 (ibid.
661 2925 815 2989 laudatus
836 2945 868 3008 p.
882 2925 961 3004 464)
981 2928 1017 2990 in
1035 2949 1101 3012 quo
1116 2931 1229 3014 aquila

124 3030 353 3116 Ganymedem
381 3049 400 3094 e
429 3028 560 3112 capillis
589 3026 788 3109 prehensum
821 3034 927 3089 rostro
956 3028 1126 3092 sublimem
1155 3031 1228 3095 fert.

125 3134 191 3200 Sed
217 3133 310 3216 prior
338 3131 407 3208 illa,
435 3130 623 3212 elegantior,
652 3128 736 3192 ratio
760 3127 877 3199 merito
906 3126 1046 3210 praelata
1069 3130 1170 3193 etiam
1194 3133 1229 3196 iu

123 3234 249 3303 mundo
277 3234 427 3298 muliebri
450 3250 494 3294 ex
523 3249 605 3295 auro
633 3229 778 3293 occurrit
805 3227 895 3309 apud
921 3225 1016 3292 Com.
1039 3229 1081 3293 de
1104 3228 1230 3314 Caylus

125 3336 283 3416 (Recueil
306 3333 529 3416 d'Autiquites
552 3331 632 3394 Vol.
659 3347 697 3392 ιι.
722 3329 766 3411 pl.
788 3330 926 3405 xnvu).
968 3327 1064 3393 Alias
1087 3331 1229 3398 solennis

124 3446 173 3505 ert
183 3435 393 3520 Ganymedis
406 3433 585 3498 exhibendi
600 3432 697 3508 ratio,
707 3436 744 3494 ut
758 3429 815 3493 ille
830 3435 894 3494 stet
907 3430 961 3494 vel
974 3431 1089 3497 sedeat
1103 3439 1230 3500 astante

127 3522 250 3622 aquila.
295 3534 471 3620 Ejusmodi
500 3534 595 3615 sigua
624 3537 747 3596 extant-
761 3531 878 3614 plura3
903 3532 1018 3595 stantis
1042 3534 1172 3617 quidem
1196 3537 1230 3601 iu

128 3637 250 3704 Museo
273 3636 339 3702 Pio
357 3634 562 3700 clementino
577 3632 672 3697 Tum.
690 3651 729 3696 rr.
744 3634 809 3696 tab.
824 3633 869 3697 35
889 3633 1053 3715 praeclaro
1076 3655 1176 3718 opere
1197 3642 1231 3701 et

128 3739 304 3806 excellenti
324 3739 408 3804 inter
421 3744 542 3815 cetera,
558 3738 627 3802 tab.
642 3737 695 3802 36.
717 3735 797 3800 ibid.
820 3736 853 3798 in
875 3736 999 3817 palatio
1014 3735 1230 3813 Lancellotio,

132 3841 313 3925 iupalalio
334 3839 505 3917 Famesio,
529 3839 620 3922 apud
644 3838 834 3921 Cavacepp.
859 3836 953 3900 Tem.
979 3856 1003 3901 1.
1027 3840 1095 3902 tab.
1116 3839 1169 3902 13.
1197 3839 1231 3902 in

132 3939 250 4007 blaseo
265 3941 409 4006 Florent-
424 3942 520 4006 Tum.
537 3955 592 4005 ιιι.
613 3944 682 4007 tab.
697 3943 729 4004 5.
774 3939 837 4004 Est
851 3946 958 4004 autem
977 3941 1090 4004 fabula
1110 3959 1154 4001 er
1176 3939 1231 4014 iis,

137 4061 206 4124 qum
217 4043 413 4108 tenuissima
425 4042 605 4125 primordia
618 4043 770 4119 habuere,
785 4046 866 4106 nata
880 4061 928 4106 cx
945 4043 1077 4122 antiqua
1090 4038 1233 4104 termula

140 4141 320 4209 declarandi
333 4142 628 4227 pulchritudinem:
650 4150 793 4212 amatum
814 4162 891 4210 esse
907 4143 1056 4230 ,aliquem
1070 4160 1092 4210 a
1105 4139 1233 4220 Diim
