2664 4686
405 370 456 416 an
482 368 651 418 anninus
674 370 746 418 niv.
769 372 850 420 vrri.
1091 360 1179 429 4825

77 511 190 579 docile
216 531 257 579 ac
277 513 469 597 dispersum
491 518 660 582 montibus
684 518 761 582 altis
786 516 996 602 Composuit,
1021 520 1179 606 legesqua
1276 570 1281 580 .

74 614 179 694 (ledit,
195 615 392 699 latiumque
413 621 525 682 vocari
541 617 674 696 Maluit,
687 620 739 683 bis
753 622 909 702 quoniam
922 621 1076 685 latuisset
1088 628 1179 688 tutus

74 717 111 781 in
124 718 203 781 oris·
255 715 368 781 Auca
382 738 456 801 quac
471 720 651 802 perbibent,
662 722 721 785 illo
734 723 889 803 eub'rege
902 721 1032 786 fuerunt
1045 722 1179 789 secula

73 816 276 882 -Deterior
288 817 394 882 donec
418 820 581 901 paulatim
602 840 643 884 ac
665 821 902 887 decoloratus
922 822 965 888 Et
977 824 1054 887 belli
1069 825 1179 888 rabies

74 926 110 985 et
122 936 218 983 atuor
231 921 393 985 successit
405 918 559 983 habendi.
602 921 689 986 Turn
703 942 821 987 manus
836 923 990 987 Ausonia
1010 930 1045 988 et
1065 931 1178 1005 gentes

72 1038 195 1084 venere
208 1020 361 1100 Sicanae3
394 1020 529 1103 Saepius
552 1027 585 1084 et
605 1042 722 1087 nornen
743 1026 857 1107 posuit
881 1024 1035 1089 Saturnia
1057 1024 1178 1090 tellus?

72 1120 189 1187 Iocus
205 1122 418 1198 clarissimus,
434 1122 529 1205 cujus
545 1122 645 1186 etiam
666 1124 701 1186 in
723 1125 889 1189 historicis
903 1127 1080 1190 auctoritas
1103 1145 1178 1191 esse

73 1222 181 1304 solet3
213 1224 395 1288 illustratus
408 1241 541 1306 quoque
565 1243 587 1286 a
610 1224 703 1288 Sext.
726 1223 839 1288 Aurel.
853 1224 944 1291 Vict
966 1225 1008 1289 0.
1023 1225 1068 1291 G.
1084 1225 1128 1289 R.
1143 1226 1177 1291 8.

74 1322 259 1389 Videamus
273 1325 388 1408 itaque
400 1326 505 1408 paulo
525 1327 697 1404 curiosius,
720 1347 796 1409 quae
822 1347 845 1391 a
865 1327 967 1410 polita
988 1329 1025 1391 in
1049 1347 1089 1392 eo
1110 1334 1178 1392 tru-

26 1465 29 1468 -
73 1424 206 1491 dantur.
1040 1430 1044 1435 '

117 1523 308 1611 Antequam
323 1528 504 1608 Saturnua;
535 1529 606 1592 sive
625 1547 739 1592 verum
760 1528 808 1607 id,
829 1549 900 1607 seu,
916 1528 1006 1613 quod
1021 1531 1177 1612 probabi·

71 1626 139 1694 lius
163 1629 212 1707 fit,
237 1631 454 1715 symbolicum
476 1635 526 1693 est
548 1648 679 1706 nomen,
702 1630 840 1695 sationis
858 1631 943 1695 sorte
967 1648 1008 1694 ac
1030 1630 1176 1695 melioria

71 1730 153 1797 vitto
168 1733 297 1812 cultus3
319 1734 442 1807 ineam
455 1738 584 1809 terram,
600 1751 676 1814 quae
691 1751 772 1796 mox
786 1732 876 1796 Latii
890 1751 1011 1821 nomen
1023 1732 1177 1812 obtinuit,

70 1834 210 1912 veniret,
219 1839 318 1898 vasta
331 1834 498 1918 sylvarum
512 1831 668 1910 solitudo,
679 1833 774 1897 lacus
786 1839 820 1898 et
831 1854 993 1918 aquarum
1003 1834 1176 1914 colluvies,

69 1934 200 2018 passim
212 1937 304 2019 ignes
318 1937 532 2013 subterranei,
545 1935 612 1999 late
625 1935 738 1999 omnia
757 1937 923 2014 tenebant,
942 1956 1004 2000 nec
1026 1935 1176 2000 homines

71 2038 106 2101 in
119 2037 174 2114 iis,
189 2037 253 2101 uisi
267 2039 332 2102 rari
347 2043 380 2101 et
392 2037 543 2120 palantes
558 2057 599 2101 ac
617 2037 688 2101 seri.
740 2036 919 2102 Sallustius
933 2039 968 2101 in
982 2037 1082 2102 Catil.
1097 2057 1175 2120 cap.

71 2137 94 2203 6
115 2137 354 2220 ‘Aborigines
379 2158 480 2219 genus
502 2139 669 2201 bominum
693 2141 829 2219 agreste,
854 2139 925 2201 sine
944 2138 1083 2219 legibus,
1105 2137 1178 2201 sina

71 2241 225 2324 imperio,
251 2241 390 2305 liberum
417 2245 516 2321 atque
543 2238 703 2302 solutum!
761 2237 959 2321 Aborigines
981 2239 1043 2301 bos
1070 2236 1177 2302 fuisse

71 2341 277 2407 marrifestum
298 2348 360 2418 est,
375 2361 439 2405 non
461 2341 560 2424 quasi
581 2341 644 2403 boc
665 2340 834 2404 bominum
856 2341 910 2404 vel
932 2340 1039 2422 gentis
1059 2357 1177 2402 nomen

70 2444 246 2529 proprium'
255 2445 301 2508 sit
310 2443 517 2522 babendum3
550 2442 609 2505 sed
623 2443 791 2505 communi
804 2442 868 2505 hoc
892 2440 994 2503 verbo
1017 2439 1176 2523 appellati

71 2550 149 2610 snnt
172 2565 195 2610 a
218 2546 432 2629 scriptoribus
455 2544 552 2628 primi
578 2534 625 2605 iili
649 2541 799 2604 homines
820 2542 941 2622 ignotae
964 2538 1176 2623 quidem-ori·

69 2649 169 2732 ginis,
184 2648 227 2712 ad
242 2645 427 2712 Ausonum
442 2650 552 2708 tamen
566 2663 684 2707 nomen
699 2662 740 2707 ac
755 2661 868 2725 genus,
887 2648 924 2706 ut
946 2641 1117 2724 probabile
1138 2640 1177 2706 tit

69 2748 152 2828 (vid.
168 2762 244 2831 sup.
261 2745 403 2811 Excurs.
420 2762 457 2808 iv
473 2745 530 2809 lib.
546 2743 630 2829 vn),
653 2743 824 2822 reserandi,
849 2744 906 2826 qui
920 2744 964 2807 ab
979 2742 1104 2825 origine
1124 2742 1177 2806 iu-

69 2851 203 2916 uoluere
230 2849 305 2913 locu
334 2849 417 2910 citra
443 2847 602 2910 Tiberim,
660 2843 839 2931 Βορειγὸνους
868 2846 1099 2928 interpretatus
1125 2848 1177 2909 est

69 2949 269 3034 Lycopbron
283 2970 316 3014 v.
331 2949 428 3013 1253.
484 2947 570 3012 Cum
592 2949 750 3031 temporis
773 2964 932 3010 successu
946 2963 1056 3008 mores
1070 2945 1176 3027 leges·

69 3072 132 3136 qne
145 3053 196 3117 illi
210 3070 369 3136 accepere
384 3051 585 3115 advenarum
603 3066 715 3131 opera.
761 3045 839 3109 'Eas
863 3044 1027 3126 Pelasgos
1050 3046 1176 3126 primos

69 3154 268 3237 Dionysius,
283 3152 447 3236 Tr0jauos
472 3151 657 3227 Sallustius,
681 3147 831 3212 intulisse
856 3148 968 3223 aiunt;
1001 3143 1059 3207 sed
1086 3164 1177 3208 com·

68 3256 218 3320 munione
230 3254 330 3332 sama,
345 3256 470 3318 victum
483 3253 580 3336 primi
599 3252 747 3316 homines
766 3250 802 3313 in
824 3249 876 3313 bis
890 3248 974 3312 locis
988 3247 1176 3330 cultumque

45 3424 48 3433 ,
68 3357 240 3421 meliorem
264 3377 286 3420 a
310 3354 447 3418 Satumo
462 3359 594 3418 auctora
621 3353 792 3436 accepisse
815 3351 996 3426 tradrmmr,
1022 3349 1057 3411 in
1077 3348 1176 3432 cujus

67 3477 247 3543 personam
261 3456 406 3523 Romani
420 3457 611 3521 transtulere
626 3474 759 3518 aureum
772 3454 932 3518 saeculum
942 3458 976 3517 et
988 3452 1055 3516 alia
1068 3451 1175 3535 plura,

66 3579 143 3645 qnae
172 3557 369 3623 Graecorum
397 3555 499 3644 Κρόνος
526 3558 692 3620 homiuum
718 3557 837 3621 mumis
862 3554 1073 3638 subjiciebat,
1097 3569 1175 3617 curu

65 3661 172 3726 semel
197 3665 369 3742 utrumque
398 3678 473 3723 esse
496 3657 637 3721 eundem
661 3662 822 3739 putarent,
847 3674 912 3719 non
936 3656 1072 3719 meliore
1089 3655 1175 3739 jure,

65 3781 171 3848 quam
187 3780 264 3825 curn
278 3760 460 3825 Poenorum
475 3759 562 3823 Baal
576 3759 629 3823 vel
646 3756 825 3820 Molocbus
842 3775 904 3838 pro
925 3753 1067 3819 Saturno
1081 3754 1184 3839 habi·-

64 3871 122 3929 tus
136 3868 201 3928 est.
255 3861 312 3926 Ab
325 3863 388 3926 hoc
400 3861 530 3926 Saturni
551 3857 729 3942 profugiat
743 3856 872 3921 latentis
892 3857 927 3919 in
941 3856 994 3919 bis
1009 3855 1103 3920 terris
1117 3853 1177 3917 ad·

65 3968 168 4031 ventu
177 3959 271 4026 Latii
284 3983 402 4027 nomen
415 3962 532 4046 repetit
545 3959 656 4044 poeta,
667 3957 833 4023 communi
846 3957 1055 4039 popularium
1067 3972 1176 4020 errore

63 4064 473 4150 exiueptaetymologiu:
495 4060 565 4128 vid.
580 4080 655 4143 sup.
672 4058 813 4122 Excurs.
830 4056 1007 4121 ivadlib.
1024 4071 1089 4119 vn.
1134 4052 1177 4121 Iu
1314 4066 1322 4077 ¹

65 4168 196 4253 partent
222 4165 377 4233 beneficii
401 4164 509 4231 cultus
535 4161 678 4229 melioris
706 4159 798 4226 allati
822 4158 1005 4224 advocatur
1029 4157 1073 4222 ab
1099 4153 1179 4233 aliis
