2692 4974
375 328 381 347 ¹
415 352 467 401 nu
489 350 760 403 sumnosnur.
785 355 824 402 x.
1081 340 1171 410 Μ

85 498 230 577 nocam,
242 518 318 583 quae
333 517 356 563 a
370 498 576 582 serpentibus
589 497 706 563 deletas
720 497 833 580 fuere3
862 517 898 563 r.
911 496 1060 566 Notaui:
1090 503 1169 568 crn'n

85 621 102 669 ι
122 600 169 666 sd
190 600 351 686 Amyclas
376 598 553 664 Laconicae
575 603 776 683 spectarent,
798 607 884 682 quas
906 620 927 663 n
949 599 1168 667 Doriensihus

85 696 187 769 iletss
210 720 296 774 esse,
320 700 488 783 proditum
512 700 703 784 reperimus.
756 699 860 779 Num,
888 699 1122 786 Peloponneso
1144 722 1167 768 n

85 804 285 871 briensibus
307 808 342 866 et
364 801 554 866 Heraclidis
576 808 756 885 occupata,
771 803 898 886 oppida
915 804 1042 887 aliquot
1057 802 1169 868 Laco·

85 902 150 973 lere
172 926 232 991 per
257 905 418 970 ducentos
442 905 551 970 adhuc
575 923 678 968 anuos
700 903 1022 983 monemuthensi,
1046 905 1167 986 donec,

85 1008 165 1075 snlo
180 1015 255 1072 ante
268 1008 394 1073 bellum
409 1002 614 1072 Messenium
628 1007 783 1090 primum,
805 1007 891 1091 regis
907 1006 1033 1072 Telecli
1054 1006 1167 1089 ductu,
1282 1064 1285 1070 .

85 1112 245 1177 lonenses
260 1128 321 1174 seu
336 1109 581 1175 lacedaemonii
603 1128 645 1173 ea
663 1109 741 1174 luca
754 1118 945 1193 expugnata
958 1106 1031 1174 solo
1054 1129 1169 1194 aeqnc·

85 1216 148 1279 nnt.
192 1209 283 1275 lnter
296 1229 373 1294 quse
388 1209 477 1274 luere
488 1208 653 1295 Amyclae,
668 1230 746 1294 quse
761 1213 879 1276 acriter
890 1213 1089 1291 restiterunt,
1103 1230 1166 1277 nec

85 1304 127 1379 isi
145 1312 225 1378 belli
249 1313 462 1377 diuturnitate
484 1313 605 1378 attritae
627 1314 664 1375 in
686 1311 843 1378 ditionem
858 1319 1038 1379 cesserunt.
1081 1312 1169 1389 Τιο-

85 1430 175 1501 ¹reum
199 1412 241 1477 de
264 1413 308 1477 iis
332 1417 476 1477 erectum
496 1431 559 1496 pro
581 1418 774 1494 argumento
796 1415 930 1478 virtutis
954 1433 1079 1492 eorum,
1105 1417 1166 1500 qui

85 1510 260 1592 bticrant,
274 1515 479 1579 habebatur:
512 1512 660 1578 Pensan.
685 1531 742 1593 ιιι,
765 1515 799 1593 2,
822 1535 857 1598 p.
877 1515 943 1580 208
961 1522 997 1581 et
1016 1535 1046 1579 c.
1061 1515 1115 1594 12,
1129 1535 1167 1600 p.

85 1613 140 1683 87.
183 1608 336 1699 Amycrae
352 1634 475 1681 eversae
489 1617 558 1681 rici
570 1616 711 1681 formam
733 1636 794 1701 per
815 1616 919 1682 rublta
937 1623 1087 1700 tempora
1107 1615 1169 1681 ha-
1222 1671 1230 1683 ,

85 1722 213 1794 nerunt,
232 1716 332 1781 clarae
355 1716 505 1801 inprimis
533 1717 600 1781 Dei
623 1715 790 1802 Amyclaei
818 1717 944 1802 templo
966 1724 1001 1782 et
1024 1717 1167 1785 throno:

85 1812 132 1883 nl.
146 1815 228 1881 ibid.
244 1832 301 1893 ιιι,
317 1817 361 1882 19
385 1822 420 1881 et
441 1817 495 1894 18,
519 1816 562 1881 de
585 1836 652 1902 quo
676 1818 880 1902 disputatum
899 1824 952 1884 est
974 1839 997 1883 a
1013 1820 1110 1884 nobis
1130 1820 1168 1884 in

85 1918 238 2002 untiqunr.
252 1917 419 1984 Abhandl.
444 1918 463 1983 Ι
482 1919 599 1984 Stiick.
635 1952 640 1957 ·
655 1919 709 1985 De
728 1922 974 2004 expugnatione
987 1921 1047 1987 illa
1064 1918 1170 2007 Amy·

85 2018 189 2086 larum
211 2039 230 2084 a
255 2021 374 2104 priscis
395 2022 616 2105 scriptoribus
638 2022 738 2107 plura
750 2023 853 2087 fnisse
867 2029 1010 2101 narrata,
1033 2029 1102 2088 tum
1123 2041 1167 2086 ex

85 2120 244 2199 ’nnsania
260 2128 331 2186 tum
346 2141 391 2186 ex
405 2120 544 2186 Pindari
558 2122 642 2188 locis
656 2122 775 2188 Istbm.
793 2139 858 2201 ιιι,
871 2123 1013 2188 18-22.
1066 2122 1166 2207 Pytha

85 2266 98 2297 ‚·
110 2222 187 2288 las.
209 2224 286 2288 125.
302 2223 367 2288 126
383 2229 494 2307 patet:
525 2222 614 2287 unde
628 2223 829 2305 intelligitur,
843 2221 946 2287 inisse
960 2221 1168 2306 AEgidarum3

85 2342 141 2388 nar
167 2323 296 2409 Spartae
316 2324 421 2388 tribus
443 2330 515 2389 erat
535 2323 660 2389 Thebis
685 2323 835 2401 oriunda,
859 2324 1051 2407 proecipuas
1070 2323 1107 2388 in
1126 2342 1170 2388 eo

85 2423 151 2490 cllo
173 2431 284 2509 partes
304 2422 530 2508 Amyclasque
554 2425 622 2489 illis
645 2420 846 2488 habitandas
867 2442 941 2487 csse
965 2424 1167 2507 assignatas.

85 2525 102 2590 »i
115 2531 260 2590 veterem
274 2529 562 2590 commentatorem
583 2524 618 2587 in
638 2522 735 2608 Pyth.
751 2540 787 2601 ν,
800 2522 845 2588 96
858 2524 969 2587 et101
992 2529 1026 2588 et
1048 2522 1166 2588 Isthm

85 2642 133 2705 ἰι,
146 2625 190 2692 18
205 2628 412 2708 integriorem
424 2625 633 2704 haberemus,
656 2624 753 2708 plura
767 2643 811 2688 ex
825 2622 961 2707 Ephoro
984 2630 1018 2688 et
1039 2622 1169 2690 Aristo·

85 2726 128 2792 sle
141 2725 184 2790 de
197 2726 260 2791 hoc
275 2727 362 2791 bello
376 2731 568 2791 teneremus.
621 2723 654 2789 A
675 2724 836 2790 Strabone
857 2723 916 2789 lib.
935 2740 1016 2803 vr11,
1041 2745 1078 2808 p.
1102 2725 1171 2792 560

86 2878 96 2896 .
118 2829 184 2894 561
201 2846 236 2893 ι).
251 2848 295 2893 ex
308 2826 443 2912 Ephoro
465 2827 566 2905 (conl.
581 2826 706 2891 Meum.
719 2824 821 2892 Mino.
836 2825 917 2891 Iac.
933 2844 984 2906 ιν,
999 2824 1049 2912 3),
1063 2826 1168 2912 Any·

85 2928 131 2997 lat*
139 2928 184 2994 ab
200 2927 391 2994 Heraclidis
405 2927 613 3006 Philouomo,
628 2929 687 3012 qni
702 2926 977 2992 Iracedoemonem
991 2929 1034 2991 iis
1055 2928 1169 3012 prodi·

85 3037 168 3109 srat,
182 3049 353 3095 concesse
368 3037 559 3109 narrantum
591 3031 621 3093 si
635 3047 714 3092 rm
728 3033 815 3107 suut,
836 3046 913 3111 quse
938 3026 1057 3091 Conon
1080 3026 1169 3092 Nar-

85 3136 125 3197 nt.
138 3131 185 3197 36
198 3129 366 3215 apposuit,
389 3128 524 3194 adducti
548 3129 591 3192 ab
616 3147 658 3193 eo
683 3128 793 3192 coloni
807 3146 852 3192 ex
867 3126 979 3192 Imbro
993 3134 1027 3192 et
1042 3125 1169 3192 Lemno

85 3252 164 3314 scre,
183 3234 242 3318 qui
264 3232 362 3298 tertia
383 3232 460 3297 hinc
483 3237 591 3310 aetate,
617 3231 776 3296 seditione
800 3229 960 3296 adversus
986 3230 1168 3296 Dorienses

85 3338 163 3412 tcta,
178 3333 278 3417 ejecti
293 3330 426 3397 Cretum
440 3332 589 3397 adierunt
598 3339 631 3397 et
645 3331 827 3417 Gortynem
841 3338 1058 3417 occuparunt.
1111 3329 1169 3396 hd

85 3448 125 3501 oc
137 3436 252 3520 itaque
266 3441 397 3518 tempus
411 3434 579 3499 referenda
599 3453 673 3500 esse
694 3434 824 3499 ridetur
838 3432 1054 3518 Amyclnmm
1067 3433 1127 3500 illa
1146 3452 1170 3498 a

85 3536 282 3603 l'oriensibus
306 3537 399 3601 facta
423 3537 650 3621 expugnatio:
685 3537 766 3600 urbe
790 3556 835 3601 ex
860 3535 1044 3621 improviso
1067 3550 1169 3601 occu-

85 3638 154 3705 Ιίι
208 3635 260 3701 Ut
277 3642 387 3701 antem
409 3636 474 3702 hoc
496 3635 540 3698 ud
562 3634 713 3722 Amyclas
728 3634 833 3701 Italic
855 3638 1021 3703 banslemi
1034 3641 1169 3722 posset,

85 3754 153 3807 nur
177 3739 244 3816 ille,
257 3758 357 3823 quem
374 3741 473 3804 toties
497 3739 745 3823 castigavimus,
760 3739 872 3804 locum
895 3738 986 3819 lecit,
1007 3758 1084 3804 cnm
1104 3755 1171 3804 non

85 3839 163 3907 rodo
175 3837 377 3904 Graecorum
390 3841 540 3905 colonias
560 3858 620 3925 per
640 3846 744 3905 totam
759 3839 894 3905 Italiam
917 3839 1170 3906 disseminarent

85 3945 191 4008 mres
217 3945 374 4006 auctores
403 3941 524 4020 latini,
547 3961 663 4007 rernm
685 3941 785 4005 etiam
809 3941 941 4008 urbium
961 3941 1107 4024 origines
1126 3955 1168 4004 ac

85 4045 195 4111 onnus
207 4045 378 4109 nominum
392 4044 605 4110 similitudine
620 4049 874 4128 corrumperent
925 4042 1055 4107 Urbem.
1065 4038 1168 4104 Amu-

85 4144 179 4213 lutln
201 4146 255 4211 his
275 4144 604 4217 locisltalisefmsse
622 4165 718 4212 nemo
739 4146 878 4212 dubitet.
931 4142 998 4209 Sed
1022 4142 1168 4209 nmnlnls
