2664 4686
101 311 196 380 Ι4438
444 306 879 378 ancarana-ammonuit

109 512 148 547 ,-
166 478 317 549 Bucolica,
328 493 414 539 'cum
426 477 580 538 verborum
596 486 740 540 contextu
751 487 785 539 'et
797 477 970 539 fabularum
978 480 1174 541 'enarratione
1188 479 1212 539 iu

129 600 135 612 «
152 573 281 654 poetices
295 573 514 652 tyrunculorum
528 573 715 634 sublevamen
730 593 783 652 per
797 574 897 633 llerm.
912 575 1134 637 Torrentinum
1147 576 1214 637 facili

153 672 232 749 stylo
246 670 423 730 familiariter
435 670 571 730 discussa.
612 671 647 728 lu
672 666 749 728 tine:
778 669 877 729 ‘Finis
891 671 1113 732 Bucolicorum
1128 674 1214 732 blare·

110 806 116 834 ·.
144 766 841 842 nisuotoniaeindomoQuemetlexpressomm
852 768 1212 829 Auuomcccccxvrln

151 863 428 922 Panzcr'l'om.x1.
444 881 511 939 pag.
527 868 597 930 397.

112 994 153 1003 -
167 959 308 1019 bucolica
329 967 360 1018 et
382 959 539 1036 Georgica,
563 976 632 1017 cum
655 957 871 1039 commentariis
893 958 999 1031 Servii,
1026 960 1134 1030 Probi,
1154 962 1210 1020 Aut

26 1044 30 1053 ⁹
154 1055 365 1116 Mancinelliet
380 1054 484 1115 lodoci
498 1053 593 1115 badii.
612 1053 735 1113 Parisiis.
749 1065 778 1113 4.
820 1053 935 1114 Panrer
945 1055 1042 1116 Toni.
1057 1068 1209 1136 vrrr.'pug.

152 1150 203 1212 ³6.

111 1281 151 1291 —
166 1247 323 1325 Georgica,
361 1266 428 1307 cum
458 1249 667 1308 commentario
691 1248 793 1307 Herm.
827 1248 1012 1307 Torrentini.
1055 1246 1213 1309 ‘Maelio

153 1343 310 1403 Lottberus
333 1342 477 1420 impressit
501 1343 636 1421 Lyptzlr!
676 1342 800 1402 lntiuet
833 1345 898 1401 ‘Ex
913 1342 1036 1404 officina
1050 1345 1213 1405 Melebioris

153 1438 284 1498 Lottlreri
299 1441 355 1497 Λο.
371 1439 432 1497 Dni
447 1439 522 1497 Mill.
538 1439 637 1518 quing.
662 1447 745 1498 sextu
768 1439 905 1499 decimo!
927 1447 957 1499 4.
1002 1436 1211 1501 Panber'l'om.

154 1552 204 1596 x1.
219 1554 286 1614 pag.
302 1543 373 1604 437.

112 1668 154 1678 —
167 1633 266 1693 AEueis
280 1653 347 1693 curn
371 1632 434 1692 aliis
456 1632 642 1693 carminibus.
686 1630 884 1691 ‘Darentriac
897 1631 931 1690 iu·
940 1631 1072 1692 aedibus
1083 1630 1214 1692 'Ibeodo

153 1730 213 1788 rici'
227 1731 266 1788 D.
282 1730 327 1787 B.’
367 1731 400 1788 lu
415 1728 489 1788 tine:
521 1728 654 1787 ‘Divina
672 1729 744 1786 haee
760 1727 856 1785 Publii
869 1727 982 1803 Virgilii
996 1729 1212 1807 open-exeun

154 1834 222 1883 suut
244 1825 421 1882 Daveutriae
445 1824 543 1882 foelici
567 1823 661 1883 sidere
685 1824 714 1882 in
735 1822 859 1883 aedibus
872 1822 1059 1883 Theudorici
1072 1824 1113 1883 de
1126 1826 1213 1884 llorue

154 1923 241 1980 Anno
255 1939 273 1979 a
286 1918 385 1978 Natali
399 1916 645 1977 Christianissimo
659 1919 912 1995 sesquimillesimo
934 1933 1157 1997 supra'sertum
1169 1920 1212 1980 tle

120 2063 121 2067 ,
155 2017 273 2077 einum.
294 2013 394 2074 Calon.
409 2015 481 2073 Ma!
501 2022 531 2072 4.
574 2013 849 2091 Beroaldiepistola
864 2013 996 2092 praetixa.
1033 2018 1212 2077 Fssetameu

154 2110 293 2174 AEueidos
315 2110 405 2170 libros
427 2130 464 2171 er
487 2109 597 2168 Aldiuo
626 2110 782 2187 exemplari
806 2112 964 2189 castigatos
987 2121 1021 2171 et
1043 2113 1212 2191 recognitos,

155 2208 290 2270 Carmina
304 2216 402 2268 autem
416 2206 528 2265 minora
552 2226 587 2263 ex
603 2205 803 2282 antiquissimo
824 2206 1161 2284 exemplarimultorum
1176 2228 1214 2267 sc·

154 2304 286 2363 culorum
310 2303 470 2380 recognita,
490 2303 552 2380 ipsa
576 2300 713 2378 praefatio
726 2300 815 2361 docet
828 2303 937 2362 inserta
952 2304 1097 2367 Maittair.
1114 2305 1211 2364 Annal.

152 2398 241 2458 Torn.
272 2415 311 2458 11.
340 2419 407 2477 pag.
437 2408 505 2459 888.
547 2399 611 2456 Neo
646 2397 732 2474 plura
766 2409 948 2476 compererat
980 2400 1097 2460 Pauaer
1129 2401 1213 2460 Tum.

153 2513 200 2555 vr.
222 2515 289 2574 pag.
307 2503 378 2562 487.
417 2496 481 2555 Jac·
511 2494 603 2553 Faber
630 2493 734 2571 aliquis
762 2495 954 2572 'recognitioni
983 2497 1091 2556 boru‘m
1117 2497 1212 2556 carmi·

152 2611 223 2650 num
248 2589 398 2666 praefuisse
422 2599 597 2648 memoratur
620 2588 695 2646 ibid.
727 2590 912 2669 innpisrola
938 2591 979 2650 ad
1008 2594 1212 2653 Murmellium.

154 2689 256 2763 Hcyue
271 2703 338 2761 pag.
354 2699 422 2742 cci.

115 2789 190 2847 15¹7
206 2777 408 2854 Lugdunensis
422 2779 606 2852 Ascensiana,
628 2786 718 2863 cnjus
741 2804 835 2862 nuper
857 2784 941 2844 nobis
965 2785 1078 2845 oblate
1099 2786 1210 2846 titulum

152 2876 306 2955 pleniorem
320 2873 443 2934 damus:

192 2975 291 3051 Opera
304 2973 468 3051 Vergiliana
482 2973 569 3034 docte
584 2988 613 3038 et
628 2977 805 3040 familiariter
817 2977 967 3054 exposita:
990 2977 1083 3037 docte
1098 2976 1210 3055 quidem

153 3070 311 3131 lincolina:
331 3079 360 3129 et
375 3071 521 3148 Georgica
535 3092 553 3130 a
567 3073 676 3145 Servio,
693 3077 820 3135 Donato.
857 3073 1211 3133 ntancineltoz-et-Pmbo

151 3188 245 3246 nuper
259 3166 380 3226 addito:
408 3187 476 3226 curn
494 3169 732 3230 adnotationibus
748 3170 937 3229 beroaldinis.
980 3170 1081 3230 AEueis
1095 3190 1163 3230 vero
1175 3167 1210 3226 ab

151 3264 253 3323 iisdem
267 3273 373 3340 praeter
387 3265 598 3323 Manciuellum
613 3276 642 3326 et
657 3266 789 3325 Probum
803 3275 834 3325 et
846 3265 885 3325 ab
900 3266 1070 3342 Augustino
1083 3266 1173 3325 datbn
1183 3264 1209 3320 in

151 3361 215 3436 ejus
244 3359 406 3436 principio:
438 3361 656 3435 Opusculorum
682 3373 822 3440 praeterea
850 3359 988 3438 quaedam
1014 3360 1208 3420 ab-Domitio

151 3453 318 3516 Calderino.
362 3455 550 3514 familiariter
574 3479 643 3517 rem
663 3460 759 3518 omnia
782 3469 840 3518 tam
862 3477 953 3536 opera
967 3477 1057 3534 quam
1071 3455 1206 3535 opuscula

151 3550 189 3609 ab
217 3549 330 3609 lodoco
370 3550 462 3609 badio
489 3555 644 3614 Asceusio.
687 3557 841 3635 Opuscula
868 3564 966 3613 autem
994 3564 1065 3613 ante
1091 3550 1206 3612 AEneida

151 3646 206 3705 liae
231 3645 326 3723 posita
348 3657 415 3705 sunt
430 3648 511 3707 serie.
554 3652 657 3710 Culex.
682 3652 773 3711 Dirae.
799 3652 916 3710 AEthua.
931 3651 1028 3728 Cyris.
1053 3652 1203 3710 moretum.

151 3744 293 3802 llo'rtulus
325 3752 354 3801 et
386 3744 485 3822 Elegia
510 3744 547 3803 de
571 3747 656 3807 obitu
679 3748 862 3806 Mccoeuatis.
891 3745 1122 3823 Epigrammata.
1161 3743 1204 3799 l'ir

151 3841 255 3901 bonus.
286 3841 332 3898 De
360 3838 441 3898 ludo.
472 3842 519 3900 De
532 3841 632 3902 livore.
660 3844 718 3902 ·De
738 3846 851 3902 Venere
874 3852 905 3900 et
927 3841 1005 3900 vino.
1047 3842 1096 3900 De
1117 3841 1201 3900 littera

149 3938 324 4017 Pythagore.
365 3938 471 4015 Coppa
493 3950 523 3998 et
545 3959 621 3999 rosa.
660 3941 714 3999 Est
734 3949 765 4000 et
788 3958 864 3999 nnn:
895 3941 1008 3998 AEtater
1030 3938 1200 3998 animalium·

150 4035 296 4096 AErumnae
322 4043 351 4094 et
388 4034 502 4095 labores
537 4036 683 4095 Herculia.
726 4038 773 4095 De
804 4055 951 4094 musarum
985 4035 1123 4095 inventia.
1162 4033 1200 4090 Dc

150 4139 238 4191 cantu
253 4151 408 4213 syrenum:
429 4142 459 4193 et
472 4131 511 4193 de
524 4134 574 4194 die
588 4132 681 4193 festor
713 4135 760 4194 De
775 4134 920 4193 Fortuna:
946 4131 986 4192 de
999 4132 1134 4211 Orpbeo
1160 4127 1199 4187 ue
