2664 4686
104 293 201 361 ma
436 303 631 355 naoansus
657 300 870 353 rnrrronurr

105 482 149 499 -
160 448 197 513 ἲ.
223 444 334 525 Virgilii
360 444 439 506 Mar.
467 444 635 524 Appendrx,
661 463 730 504 orn
752 440 1006 523 castigatiooihn
1027 452 1063 505 ct
1074 462 1204 505 uu·

147 544 226 607 tario
238 543 300 604 lor.
314 541 465 619 Scaligeri.
489 552 610 602 curante
624 551 654 601 et
667 540 774 600 edente
787 540 867 600 Frid.
882 539 1117 613 muhata,
1133 538 1205 619 cai·

145 649 177 701 ct
187 647 268 699 notar
279 635 403 696 additor.
443 636 581 714 Lugduni
596 639 663 697 llat.
676 636 761 716 apud
777 636 1036 715 llnphelengirurr.
1049 644 1082 698 8.

107 771 148 787 ..
159 737 271 813 opera,
286 732 317 793 ir
327 732 410 791 locon
423 751 593 792 connnrrcr
606 731 731 810 digestu.
752 731 864 790 Dranci.
876 739 908 792 8.
1090 766 1098 781 ·
1179 756 1185 769 ·

110 828 186 901 1596
201 827 372 891 Fabricium
386 844 433 888 vr.
450 829 481 888 P.
496 828 608 908 Virgilii
622 828 814 906 Mar.‚0pera
824 827 1005 887 induntur
1016 827 1111 907 [rm
1121 836 1205 887 tm

147 928 243 989 Culex
262 935 292 985 et
311 925 381 1001 alia]
404 926 606 985 ereceoeione
629 926 743 1002 Georg.
764 923 889 984 Fabricii
911 923 1048 984 elren.
1069 923 1206 1003 ‘l'qu'n⁹

147 1022 285 1103 inpenria
301 1023 337 1081 V.
351 1021 512 1100 Voegeliai.
557 1020 760 1101 lmprinrebat-
774 1019 873 1079 Miclr.
896 1020 1163 1098 Lunenbeegu:
1182 1028 1206 1081 8.

86 1166 89 1175 .
148 1119 285 1201 Repetite
295 1136 331 1177 err
345 1118 556 1196 superioribus.

107 1251 150 1275 -.
162 1217 369 1278 Berrrnemaua
383 1230 439 1274 ιιι.
454 1216 598 1292 Operum.
613 1214 728 1292 lipeiae.
743 1222 773 1273 8.
814 1213 860 1271 Ex
872 1210 925 1272 cd.
937 1222 1035 1274 1581.

95 1344 148 1359 ›-
162 1312 304 1391 Erythraei
318 1325 398 1369 νιιι.
419 1309 627 1388 (Sylbnrginna
642 1313 695 1382 ιι.)
717 1306 912 1379 immonni,
935 1309 1023 1387 typis
1044 1308 1206 1370 wenna.

148 1409 285 1486 Repetlta
298 1428 333 1466 ex
350 1426 373 1465 1.
386 1425 435 1464 aa.
452 1413 539 1465 1588.
802 1406 808 1415 “

107 1538 147 1555 ·-
161 1503 263 1564 lamb.
285 1501 435 1563 Hortensii
455 1502 659 1560 Enarrntionee
682 1501 711 1559 in
736 1516 803 1559 xri.
826 1499 919 1558 libror
945 1500 981 1559 P.
1002 1500 1120 1579 Virgilii
1142 1500 1206 1559 tin.

146 1599 294 1660 AEueidoc.
319 1599 452 1669 Basilerc,
476 1618 513 1656 ex
527 1597 645 1657 officina
658 1595 909 1673 llcnricopetrina.
925 1594 982 1656 sol.
1028 1597 1206 1675 Repetin'er

147 1694 197 1754 ed.
214 1704 302 1764 1577.
638 1734 642 1743 ·

35 1830 44 1841 -
107 1789 363 1853 -Naaciarbaeni
389 1789 597 1849 Narcimbaenii
619 1788 844 1867 Explanationes
864 1786 895 1845 in
918 1785 1069 1846 AErreidor
1082 1787 1168 1848 libror
1179 1802 1207 1848 v.

146 1884 267 1961 prium.
283 1882 411 1942 Bmileoe.
428 1882 482 1942 sol.

110 1989 186 2052 1591
209 1979 246 2041 Ρ.
260 1978 374 2056 Virgilii
386 1979 463 2037 Mar.
478 1978 589 2055 Opera,
610 1994 680 2035 cunr
703 1976 775 2057 ligg.
799 1977 875 2036 notis
890 1977 1055 2055 variorum,
1079 1987 1112 2039 ct
1132 1976 1206 2057 prul.

147 2075 224 2137 Phil.
238 2073 474 2136 Melnncbtlronir
484 2080 656 2152 (suppresso
666 2073 886 2149 eitranomine).
900 2072 1050 2145 Coloniae,
1063 2094 1118 2153 per
1126 2075 1208 2133 Grot-

146 2173 255 2234 ninom
269 2172 435 2233 Calenium.
450 2178 480 2232 8.
521 2172 566 2230 Er
580 2170 628 2230 cd.
647 2178 734 2231 1585.

107 2297 145 2316 -
167 2270 201 2328 P.
225 2268 333 2345 Virg'dii
357 2269 434 2326 Mar.
459 2268 610 2337 Poimata,
638 2265 797 2325 lectionum
819 2264 1023 2335 varietatibus,
1054 2265 1208 2326 recentiora

147 2363 274 2423 duorum
297 2363 419 2440 optimae
440 2373 519 2421 notre
537 2362 747 2440 exemplarium
769 2360 828 2420 lide
849 2362 999 2432 collectis,
1024 2363 1209 2442 locupletata.

147 2460 264 2529 Quibus
279 2458 316 2518 nd
340 2458 450 2518 calcem
466 2457 567 2517 addita
580 2469 624 2518 eat
640 2459 836 2536 epitlretnrum
851 2456 1089 2534 Virgilianonrrn
1107 2477 1210 2538 appea-

148 2555 210 2616 dir.
253 2554 359 2614 Studio
376 2563 406 2612 et
420 2574 511 2632 opera
528 2554 634 2613 Christ.
657 2551 819 2631 Egeoolplri
834 2553 868 2612 F.
892 2553 1121 2626 ‘1¹’ran'cofnrti⁸
1136 2552 1208 2634 apud

145 2650 190 2710 Io·
217 2650 362 2719 Sauriam,
386 2649 525 2724 impensis
551 2647 690 2706 heredum
716 2647 792 2705 Petri
821 2646 969 2706 Fischeri?
994 2657 1024 2709 8.
1067 2648 1210 2710 [nudatur

148 2745 256 2822 Vulpio
270 2744 299 2801 in
315 2743 462 2820 supplem.
479 2744 501 2801 F
502 2743 663 2801 abriciauae
678 2744 776 2803 Notit.
791 2743 834 2800 lit.
855 2743 905 2820 qui
921 2743 960 2801 de
974 2760 1012 2803 ea
1026 2745 1095 2804 lraec
1108 2745 1208 2805 refert:

147 2839 322 2917 ‘leguntur
335 2838 364 2896 in
386 2838 441 2897 liae
455 2837 505 2896 ed.
530 2839 652 2916 lllaplrei
667 2840 749 2917 Vegii
773 2839 934 2909 Laudensir
952 2839 1041 2912 liber,
1067 2851 1101 2901 et
1116 2840 1207 2901 onnia

147 2937 287 2996 Poimatr
308 2942 339 2994 et
358 2934 511 2994 Catalectn
533 2935 654 3013 eopiosa
667 2936 791 3014 Virgilio
810 2956 829 2994 a
851 2935 973 2994 dirersis
996 2937 1129 2997 tributa:
1148 2946 1208 3017 post

147 3051 214 3111 qun
229 3041 392 3112 sequuntur
405 3031 618 3091 Annotatlones
633 3033 776 3091 breveria
793 3030 931 3090 Bucolica
945 3040 976 3090 et
990 3034 1156 3112 Georgica,
1175 3053 1207 3093 rr

146 3129 232 3188 variis
246 3127 482 3207 interpretibnsa
504 3128 548 3185 lo.
569 3127 662 3186 Frisio
682 3127 825 3206 Tigurino
848 3127 1004 3187 collectae.
1049 3130 1124 3189 ltenr
1139 3129 1208 3189 diffi-

146 3225 279 3284 ciliornnr
293 3224 502 3283 vocabulorum
519 3223 718 3302 interpretatio
737 3224 913 3282 Gemanica
938 3242 992 3301 per
1012 3225 1160 3286 eundem:
1179 3235 1206 3283 et

146 3341 182 3379 ex
197 3320 295 3380 Dolcti
314 3322 429 3379 Comm.
455 3319 493 3377 de
515 3319 610 3396 lingua
626 3320 691 3379 Lat.
716 3319 974 3378 annotatiunculae
996 3321 1204 3381 succinctnein

144 3414 235 3473 libros
260 3413 382 3472 Aeneid.
410 3412 584 3490 Christoplr.
611 3413 858 3492 Hegendorplrini.
916 3414 1040 3474 librum
1069 3426 1203 3476 exornant

146 3509 263 3568 tabulae
277 3528 336 3566 non
351 3509 527 3586 ineleganter
542 3511 621 3589 ligno
636 3511 764 3571 incisae.‘
805 3513 858 3571 Est
864 3511 959 3588 igitur
973 3511 1035 3571 tilia
1049 3512 1205 3592 Tigurinn.

145 3605 203 3664 Sed
229 3614 259 3665 et
278 3605 342 3684 jnur
361 3624 447 3684 supra
465 3605 645 3667 laudavimus
659 3607 817 3666 editionem
834 3605 968 3666 Francos.
983 3608 1149 3686 Egenolplri
1160 3624 1203 3665 au.

149 3709 235 3769 1577.

105 3835 145 3846 -
159 3796 293 3876 Virgilius
308 3797 337 3855 in
353 3799 432 3858 locos
444 3820 615 3860 communes
626 3799 768 3878 digestus.
789 3801 940 3860 Tournou.
959 3809 1006 3861 11.

109 3905 184 3966 ¹⁵98
199 3895 412 3974 Georgicorum
437 3898 502 3956 libri
520 3914 564 3958 tv.
590 3896 833 3966 coemptionibus,
861 3917 930 3973 qnae
954 3893 1201 3956 commentariiiu

144 3993 211 4051 loeo
225 4013 286 4053 esre
302 4002 433 4071 possunt,
449 3994 585 4053 illustrati
597 4012 616 4053 a
630 3989 770 4052 Federlco
783 3993 902 4061 Curato,
910 3994 1079 4052 Veronensi.
1122 3994 1202 4050 Vero·

145 4106 198 4157 nar,
214 4090 294 4166 apud
310 4094 386 4169 Aug.
396 4093 535 4152 Tamum.
553 4099 582 4151 8.
