2664 4686
177 308 265 380 ⁴140
536 326 540 331 ·
606 326 807 376 excursus
828 328 856 378 ι.

179 472 279 537 tionis
291 490 418 537 moram
431 490 511 537 vero
533 470 614 537 fecit
635 472 761 536 nullam
784 472 851 535 nisi
873 472 911 536 in
930 470 1182 556 suopuadibns
1193 472 1269 559 adju·

178 573 339 648 uentibus,
354 574 479 656 quippe
492 591 577 656 quas
590 573 725 638 videbat
745 578 893 636 ornatum
907 592 953 637 ex
967 574 1119 657 antiquis
1133 575 1178 640 de
1198 575 1271 640 llu-

179 674 404 759 pyiisfabulis
424 675 602 739 admittere.
659 674 779 753 Porro,
805 695 882 758 quae
906 674 1052 739 historia
1073 676 1117 740 de
1140 676 1273 741 ludisiu

177 772 288 839 insula
302 775 473 858 Zacyntho
488 778 531 840 ab
546 777 655 839 AEnea
668 777 844 840 celebratis
866 775 1062 853 tradiderat,
1086 796 1129 841 ea
1154 777 1198 842 ad
1219 775 1274 841 Ac·

81 942 84 949 ,
177 875 261 941 tium
274 896 396 958 magua
408 897 483 941 cum
496 878 596 941 laude
621 875 723 965 poeta
744 877 921 955 transtulit,
943 883 982 941 ut
997 874 1200 959 Augustum,
1221 875 1277 941 Ac·

86 986 91 993 “
178 976 341 1043 iiaoorum
354 979 505 1043 ludorum
520 986 697 1056 auctorem,
720 979 785 1043 boc
811 985 972 1063 tauquam
995 978 1277 1044 blundimmtode

180 1081 296 1143 mereri
310 1080 485 1145 videretur.

150 1182 153 1189 '
185 1226 189 1233 .
224 1179 284 1243 ‘A
298 1178 457 1267 zacyntho
480 1183 618 1267 Trojaui
644 1202 703 1266 per
717 1183 821 1247 allum
832 1181 1031 1262 navigantes
1046 1180 1095 1245 ad
1112 1177 1277 1247 Leucada

181 1283 390 1366 appulerunt,
405 1305 505 1369 quem
528 1286 640 1350 locum
654 1284 848 1350 Acarnanes
872 1283 981 1348 adbuc
1003 1285 1177 1350 tenebant.
1225 1282 1278 1348 At·

181 1402 246 1466 que
270 1385 326 1450 bic
349 1407 480 1471 quoque
504 1385 627 1452 Veneri
650 1386 808 1469 templum
831 1390 1079 1461 exstruxerunt,
1095 1383 1278 1466 quodnme

181 1489 232 1547 est
256 1487 415 1571 inparve
436 1488 555 1552 insula·
567 1489 650 1553 inter
671 1486 799 1551 fossam
819 1482 991 1570 (baderon)
1017 1493 1051 1550 et
1073 1485 1204 1549 urbem’
1227 1481 1279 1571 (el.

182 1585 302 1653 Strabo
317 1606 357 1667 x,
371 1600 395 1675 p
408 1590 473 1654 451
490 1587 542 1674 n).
587 1594 598 1624 ‘
612 1589 762 1654 Vocatur
775 1587 918 1653 Veneris
933 1586 1098 1652 AEueadis
1109 1583 1280 1679 templum’

181 1688 322 1775 Dionys.
336 1692 359 1756 l.
374 1712 405 1756 c.
429 1698 463 1757 et
486 1693 576 1775 apud
598 1692 692 1757 Serv.
716 1691 758 1756 ad
782 1707 840 1770 111,
854 1691 943 1755 279:
978 1680 1279 1775 ‘Vanouubiptm

182 1787 306 1854 Veneri
322 1794 365 1855 ab
380 1793 491 1856 AEuea
504 1792 681 1870 conditum,
696 1793 754 1856 nbi
768 1810 856 1857 nunc
879 1789 1034 1856 Ieucate’
1056 1789 1125 1875 (ita
1138 1792 1217 1874 lego
1228 1807 1281 1875 pro

183 1885 378 1975 Lanatam),
401 1892 524 1972 ‘dicit;
546 1897 699 1978 quamvis
716 1893 898 1959 Menander
917 1899 952 1958 et
965 1892 1142 1977 Turpilius
1168 1870 1280 1958 oomiei

182 2007 204 2055 a
221 1988 360 2071 Phaone
370 1992 498 2061 Lesbio
517 1993 554 2057 id
567 1994 725 2077 templum
736 1994 906 2059 conditum
920 1991 1053 2058 dicant!
1109 1992 1220 2058 Polite
1238 1998 1281 2057 tn-

182 2112 258 2158 men
270 2100 304 2160 et
316 2096 538 2180 bocboglexit
552 2099 611 2176 uti,
635 2097 827 2182 Apollinem
837 2099 943 2163 solnm
955 2098 1158 2162 memoravit
1165 2116 1200 2163 v.
1211 2097 1281 2163 m.

182 2195 261 2275 275,
288 2198 414 2265 scilicet
438 2219 479 2263 ue
504 2200 602 2264 toties
623 2200 749 2283 templa
769 2199 894 2264 Veneri
918 2197 1051 2262 coridita
1074 2196 1282 2275 ulmorum

64 2286 81 2303 ⁸
182 2298 320 2363 taedmrn
340 2299 454 2365 lectori
475 2301 610 2364 faceret.
656 2298 781 2362 AEriiam
797 2299 841 2363 ad
855 2297 1025 2362 Acheloum
1047 2296 1102 2382 (v.
1123 2298 1281 2376 stubi,

182 2419 216 2481 p.
231 2400 297 2463 45⁰
311 2396 350 2485 c)
360 2419 382 2464 a
392 2402 520 2465 nemine
534 2402 603 2466 vidi
614 2400 658 2465 ad
671 2401 813 2463 AEneam
825 2398 878 2462 vel
893 2398 938 2462 ad
947 2397 1118 2481 'l'rojauos
1133 2397 1253 2463 referri.

226 2499 274 2566 At
286 2501 328 2566 de
341 2480 437 2566 ictio
449 2523 515 2568 non
527 2504 672 2585 neglexit
684 2500 793 2585 polita.
849 2506 859 2534 ‘
875 2499 961 2564 Cum
972 2499 1016 2564 ad
1030 2497 1170 2564 Actium
1184 2518 1283 2583 appu·

182 2602 309 2679 iissent,
334 2605 378 2667 ad
400 2606 493 2668 sinus
507 2603 679 2668 Ambracii
699 2604 959 2686 promonton'um
975 2602 1153 2665 stationem
1167 2602 1283 2667 babue-

183 2709 259 2768 runt
272 2703 420 2787 ijaui.
464 2704 548 2768 Inde
561 2707 595 2768 in
608 2707 721 2768 urbem
733 2703 947 2769 Ambraciam
968 2707 1142 2781 venerunt,
1162 2704 1200 2767 in
1221 2722 1284 2788 qua

183 2804 343 2886 regnabat
354 2801 516 2882 Ambrax‚
543 2803 735 2869 Dexameni'
760 2804 873 2891 (cujus
888 2823 972 2868 avus
985 2802 1072 2868 sorte
1095 2803 1160 2870 fuit
1180 2804 1213 2869 is
1231 2805 1283 2888 qui

70 2906 80 2925 “’
183 2902 329 2969 Olenum
347 2900 455 2970 tenuit
467 2925 524 2988 ap.
539 2902 697 2989 Apollod.
724 2921 765 2982 u,
789 2905 822 2983 5,
846 2901 897 2987 5.)
919 2905 967 2969 ‘f.
992 2904 1154 2971 Herculis
1173 2904 1219 2972 n.’
1237 2904 1283 2990 (v.

186 3002 317 3093 Huds.)
339 3010 397 3070 ‘et
416 3011 559 3090 utroque
580 3004 614 3068 in
626 3006 703 3070 loco
724 3006 822 3090 hujus
839 3005 1001 3069 adventus
1022 3008 1165 3089 vestigia
1184 3026 1283 3072 rema-

184 3117 281 3178 nent:
314 3109 405 3194 apud
426 3107 563 3173 Actium
581 3108 714 3192 quidem
728 3106 870 3171 Veneris
885 3107 1048 3172 AEneadis
1061 3110 1235 3193 templum,
1255 3114 1284 3173 et

184 3232 290 3297 prope
303 3213 366 3277 hoe
390 3213 525 3276 alterum
550 3210 747 3291 Magnorum
775 3209 943 3290 Deorum3
977 3229 1053 3292 quae
1075 3212 1284 3276 nuncetiam

186 3321 284 3380 aetate
295 3333 371 3378 mea
391 3313 525 3390 extant,'
547 3313 595 3376 ait
618 3312 845 3395 Dionysio.
869 3308 1083 3387 ‘Ambraciae
1098 3330 1181 3376 vero
1201 3311 1284 3396 ejus·

185 3414 260 3478 dem
274 3415 359 3480 Deae
370 3414 538 3497 templum,
554 3419 587 3477 et
598 3413 715 3478 AEueae
730 3411 902 3488 sacellum,
924 3429 1028 3495 prope
1043 3430 1186 3493 parvum
1199 3412 1284 3477 tltea·

185 3522 281 3593 trum,
306 3519 339 3580 in
363 3535 429 3599 quo
453 3517 554 3583 etiam
579 3521 631 3580 est
655 3535 761 3599 parva
784 3515 898 3597 operis
913 3512 1038 3594 antiqui
1064 3517 1190 3592 stabis,
1212 3533 1285 3598 quse

185 3616 308 3681 dicitur
320 3618 451 3696 AEneae,
466 3637 606 3702 earnqne
620 3617 795 3681 sacrificiis
809 3616 962 3680 colebant
976 3613 1181 3693 sacerdotes,
1207 3633 1286 3699 ques

186 3718 256 3802 ipsi
270 3719 481 3802 amphipolos
490 3717 665 3785 vocabant'
675 3724 719 3799 (al
736 3716 907 3799 ramirum
922 3717 987 3802 παρ’
1002 3718 1097 3790 αὐτοῖς
1111 3716 1289 3801 duplum).

185 3821 276 3903 Ergo
297 3820 409 3905 poetae
423 3824 558 3887 invento
584 3822 648 3886 hoc
670 3823 746 3887 loco
760 3822 917 3887 debentur
930 3819 1001 3885 ludi
1016 3820 1061 3884 ab
1076 3819 1189 3885 AEnea
1201 3819 1287 3884 iusti·

186 3925 262 4002 tuti,
284 3930 317 3988 et
341 3943 523 4006 suspensus
551 3925 698 4009 clypeus,
726 3926 758 3987 in
785 3923 883 4006 cujus
906 3928 1017 3986 tamen
1043 3920 1287 3989 consecratione

188 4026 290 4111 poe'ta
315 4025 441 4110 aliquid
475 4025 630 4090 babuisse
658 4025 796 4102 videtur,
831 4024 921 4107 quod
950 4027 1084 4088 secutus
1108 4027 1180 4087 est:
1214 4038 1288 4084 unm

188 4124 281 4191 Serv.
308 4128 351 4194 ad
379 4112 528 4209 ru,'287
550 4126 753 4193 ‘Sciendum
775 4123 908 4203 tamcu,'
940 4121 1198 4208 inquit-“lm
1221 4120 1287 4207 cly-
