2664 4686
543 350 578 400 r.
600 347 777 400 vinorum.
1131 329 1218 399 tom

123 495 227 576 tyni,
249 493 387 574 Trappil,
403 492 543 563 Wartoni‚
564 501 624 554 eet.
648 511 700 553 sua
721 491 857 553 doctriua
880 489 1066 571 pulchrique,
1078 491 1220 570 sapientia

152 592 277 654 manime
291 590 411 669 adjutus
430 590 593 651 enucleavit
607 589 770 649 doctrinam
784 587 907 667 Virgilii,
929 596 959 647 et
973 587 1112 649 orationis
1125 591 1220 666 poeti·

152 710 198 751 cae
209 689 338 750 indolem
353 698 384 749 et
407 707 520 747 causas.
562 687 639 756 Quae
653 695 793 766 praeterea
814 685 852 745 ad
876 683 1081 744 illustrandum
1102 688 1221 763 pottam

151 785 249 864 majus
261 785 423 862 poscebant
437 782 656 843 commentandi
669 800 770 862 genus,
788 801 824 842 ea
837 781 941 860 rejecit
954 781 984 840 in
998 782 1160 859 prooemia,
1174 784 1220 842 vel

150 899 303 942 excursus.
345 882 452 958 ltaque
465 878 580 938 Tomos
595 895 619 937 1.
635 887 703 956 post
717 876 799 956 praes.
821 877 986 937 Elenebum
1000 876 1098 938 Codd.
1118 879 1148 937 in
1162 881 1221 939 Va·

118 1006 122 1012 =
152 978 256 1038 rietate
279 975 476 1046 laudatorum,
498 983 529 1034 et
552 973 713 1034 editionum
734 973 864 1044 annales,
886 973 938 1051 qui
951 991 1051 1033 earum
1065 974 1177 1034 natales
1190 983 1222 1036 et

152 1074 296 1157 familias,¹
309 1083 450 1151 quantum
466 1072 586 1143 licebat,
608 1079 799 1148 exponerent,
814 1070 905 1131 sitam
918 1069 1041 1149 Virgilii,
1067 1090 1135 1150 quae
1148 1072 1221 1132 Tib.

153 1171 200 1233 Cl.
224 1172 343 1231 Donato
364 1169 531 1242 ascribitur,
559 1169 636 1229 notis
670 1168 856 1240 illustratam,
883 1177 946 1227 tum
974 1167 1060 1227 aliani
1087 1168 1221 1244 ejusdem

153 1267 244 1328 vitam
257 1287 310 1346 per
323 1285 415 1325 annos
430 1265 572 1343 digestam
595 1266 715 1344 proprio
730 1265 840 1336 studio,
858 1283 947 1343 quam
960 1265 1111 1342 excipiunt
1123 1265 1222 1325 Teati·

152 1363 253 1424 monia
274 1362 312 1423 de
326 1364 407 1442 Virg.
422 1365 513 1442 Argg.
536 1364 566 1422 in
580 1364 645 1422 AEn.
669 1372 698 1422 et
723 1361 891 1441 Epitaphia,
909 1361 1088 1439 premissam
1102 1362 1222 1444 Eclogis

152 1459 243 1520 babet
255 1460 502 1538 elegantissimam
525 1459 612 1537 Disq.
626 1458 665 1519 de
688 1459 823 1519 Carmine
847 1459 996 1531 bucolico,
1018 1458 1062 1519 uti
1074 1458 1223 1536 Georgica

152 1556 348 1634 prooemiumr
369 1557 466 1617 AEueis
478 1556 673 1635 praeambulas
688 1558 787 1628 habet,
798 1557 884 1636 Disq.
903 1568 929 1616 l.
944 1556 982 1616 de
995 1556 1122 1615 carmine
1136 1554 1223 1632 epieo

151 1652 234 1731 Virg.
250 1662 279 1715 2.
304 1651 340 1712 de
364 1672 459 1713 rerum
483 1655 512 1711 in
537 1654 603 1712 AEn.
628 1662 819 1713 tractatarum
843 1652 1028 1723 inventione;
1050 1661 1082 1711 et
1103 1651 1222 1730 singulis

152 1748 219 1808 AEn.
233 1748 316 1808 libris
330 1749 359 1808 in
373 1748 431 1831 fipe
445 1748 559 1825 adjec'ti
573 1758 640 1810 sunt
655 1751 814 1809 Excursus.
837 1749 927 1808 Tom.
944 1765 991 1808 rv.
1014 1757 1123 1827 praeter
1135 1747 1222 1826 pras.

153 1854 184 1905 et
198 1845 340 1924 prooemia
354 1845 383 1905 in
397 1846 465 1906 Cul.
481 1845 561 1905 Cirin
576 1864 644 1905 cum
659 1864 774 1904 excors.
790 1845 886 1905 Catal.
900 1854 930 1905 et
944 1847 1022 1905 Mor.
1037 1854 1100 1905 tuni
1114 1844 1224 1906 adden·

152 1941 194 2000 da
207 1949 238 2002 et
249 1931 424 2021 corrigenda
445 1942 482 2001 ad
499 1942 611 2021 priores
624 1944 748 2014 Tomos,
770 1943 897 2003 maxime
913 1959 937 2002 1.
951 1961 987 2002 ac
1002 1941 1181 2022 praemissam
1195 1942 1224 2002 ei

102 2076 113 2118 ,·
153 2037 289 2098 notitiam
304 2037 403 2098 Codd.
418 2047 448 2098 et
462 2038 539 2098 Edd.
554 2047 617 2098 tum
631 2038 669 2098 ad
684 2040 800 2099 Conrm.
812 2039 841 2098 iu
852 2041 926 2098 Buc.
940 2049 970 2100 et
982 2041 1093 2116 Georg.
1104 2037 1224 2099 Claudit

153 2153 231 2212 opus
245 2132 332 2192 index
347 2133 521 2205 uberrimus,
540 2134 741 2193 Maittairiano
756 2134 917 2205 substrato,
938 2135 976 2194 ad
993 2134 1162 2213 exemplum
1180 2134 1224 2192 in·

153 2229 253 2289 dicum
261 2220 488 2290 'burmanniano
502 2231 658 2290 Poetarum
680 2231 859 2291 editionibus
873 2231 1075 2307 subjectorum
1097 2229 1223 2290 adorna·

154 2336 203 2385 tus
217 2326 256 2385 ab
270 2326 433 2406 Heynianae
448 2327 612 2407 disciplina
627 2327 746 2387 alumno
763 2327 914 2387 eruditiori
929 2328 964 2386 E.
979 2327 1020 2386 G.
1035 2325 1222 2386 Glandorfio.

154 2421 235 2482 Nihil
251 2422 338 2498 igitur
352 2424 379 2481 in
393 2423 441 2482 ed.
466 2425 522 2484 bac
543 2424 702 2493 desideres,
720 2423 802 2502 quod
815 2423 853 2482 ad
866 2422 1081 2482 instaurandam
1095 2441 1130 2481 ex
1145 2440 1223 2483 auni-

154 2517 194 2576 mi
212 2524 308 2595 poiitae
320 2519 417 2578 studio
430 2520 613 2597 antiquitatis
629 2529 658 2578 et
673 2519 748 2579 Latii
762 2518 945 2597 sapientiam,
968 2516 1162 2593 melioresque
1171 2517 1223 2594 ju·

154 2633 260 2673 venum
275 2622 305 2674 et
318 2615 524 2693 magistrorum
538 2625 617 2676 artes
631 2613 780 2695 augendas
794 2616 899 2675 valeat.

115 2718 196 2779 1770
210 2711 321 2788 Opera.
343 2712 438 2771 Halae.
457 2722 504 2774 tt.

111 2806 281 2884 -Oprra
311 2807 413 2867 latine
436 2816 476 2895 pet
500 2807 632 2887 Anglice,
662 2827 731 2869 eum
755 2816 870 2869 anuott.
903 2807 1039 2869 londini.
1064 2817 1093 2870 8.
1121 2807 1224 2870 nvott.

155 2901 233 2969 Vide
247 2903 402 2964 Versiooes
417 2890 556 2983 Anglieaa
570 2906 599 2964 b.
615 2925 642 2964 a.

111 3032 156 3044 -
170 2998 277 3070 AEueis‚
296 3018 365 3060 cum
380 3003 511 3061 versione
526 3001 705 3062 Germanica
720 3001 810 3060 Henr.
827 3001 929 3061 Herm.
943 2999 1067 3078 Fliiggii.
1089 3001 1227 3060 Goettin·

156 3113 214 3174 ee·
233 3105 265 3157 ὃ·
646 3093 652 3105 ’
1168 3166 1172 3173 .

112 3224 156 3239 -
170 3191 291 3252 Critical
305 3194 566 3255 Observatiouson
580 3195 631 3256 tbe
645 3194 756 3273 Design
777 3194 814 3254 ol
833 3194 884 3256 the
908 3192 985 3252 sixtb
1007 3192 1091 3252 Bnok
1115 3193 1153 3253 os
1177 3196 1226 3254 the

157 3286 273 3366 AEneid.
306 3290 358 3367 (by
382 3290 509 3351 Edward
535 3292 683 3367 Gibbon.)
706 3291 839 3351 London.
869 3300 897 3353 8.
940 3290 1226 3353 accentuum.

160 3390 248 3453 1794.
263 3394 292 3447 8.
313 3395 343 3445 et
357 3386 387 3447 in
400 3389 482 3468 Opp.
498 3389 634 3450 Gibboni
651 3387 739 3462 1796.
754 3400 783 3449 t.
798 3390 886 3449 Tom.
903 3403 943 3448 11.

113 3516 154 3528 -
171 3480 382 3545 Dissertatious
404 3487 462 3547 and
487 3489 601 3549 critical
625 3489 767 3551 Remarlis
787 3500 869 3566 upon
883 3486 934 3546 tlte
948 3485 1067 3546 AEneids
1080 3482 1116 3545 ot*
1124 3483 1227 3564 Virgil,

156 3579 335 3658 containing,
357 3600 465 3662 among
486 3585 572 3644 otber
596 3585 765 3663 interesting
784 3584 972 3655 Particularr,
992 3603 1011 3642 a
1024 3582 1076 3643 lull
1091 3581 1229 3642 Vindica-

157 3673 221 3733 tion
245 3674 281 3734 of
300 3677 350 3736 tho
372 3678 446 3739 Poet
469 3680 543 3740 from
567 3679 618 3742 tlte
632 3683 747 3761 Charge
759 3680 794 3741 ol
806 3700 842 3740 an
857 3681 1070 3740 Anachronism
1085 3678 1156 3739 with
1171 3681 1228 3738 Ro

157 3769 230 3848 gard
246 3780 278 3832 to
292 3773 342 3833 tbe
359 3776 541 3837 foundation
557 3779 593 3838 ol
606 3779 763 3857 Cartbage.
805 3778 849 3856 By
864 3777 915 3837 the
929 3777 989 3837 late
1001 3777 1081 3838 John
1098 3775 1228 3853 Martyn,

158 3866 265 3928 Editor
277 3869 313 3929 oi
321 3872 435 3950 Virgil's
450 3876 594 3954 Georgius
608 3874 665 3937 aod
686 3872 834 3934 Bucolica.
856 3871 991 3933 London.
1015 3879 1062 3931 12.
1104 3870 1178 3929 Sunt
1192 3888 1228 3928 ea

157 3961 212 4021 viri
235 3963 319 4025 docti
342 3966 509 4032 adversaria
532 3991 636 4052 parum
650 3973 765 4053 digesta
778 3979 809 4031 et
823 3968 1021 4041 tumultuaria,
1043 3965 1226 4027 existimante

159 4058 290 4139 Hagnio.
1074 4056 1079 4065 “
