2664 4686
175 286 267 369 mit
480 260 499 291 ⁸
569 312 770 363 annuns
791 297 905 362 xix!

178 458 777 528 immridlmsooummtahamurin
798 458 946 542 poitnn.
988 456 1113 542 Neque
1130 457 1276 523 adeone·

168 583 273 629 eme
285 569 348 640 est,
361 583 448 627 unc
460 563 565 626 multa
588 576 854 626 commemorare.
897 559 1069 644 Attingam
1082 566 1210 624 tanturm
1224 581 1275 644 po

172 667 278 744 tiora,
292 685 370 750 quae
385 667 441 743 iis,
462 685 603 749 quorum
616 665 728 727 surdis
741 666 776 727 in
789 683 832 728 ea
849 666 1058 747 antiquitatis
1071 670 1168 745 perte
1183 663 1275 727 collo-

172 774 257 835 ,οὐ
267 767 359 833 haud
372 768 474 847 fuere,
487 767 648 852 prodesse
661 773 811 850 posumt
853 765 1013 851 Antiquae
1034 767 1116 827 artis
1130 765 1273 847 frequens

56 846 80 885 ⁵
170 866 569 954 tuitargoneonmjam
591 868 667 932 inde
690 888 712 931 a
730 861 1275 949 -Phitliasculptuminscutohli-

170 988 290 1036 -ncrvae
304 969 458 1049 nuens,
473 968 680 1039 Amazonum
700 970 853 1053 proelium
872 967 979 1053 (Ptin.
994 982 1142 1044 xxxvi,
1157 967 1192 1043 4,
1202 963 1275 1048 4)α

180 1071 307 1137 inhasi
320 1073 489 1136 simulacri
511 1071 611 1136 Jovis
637 1070 787 1153 Olympii
812 1069 977 1155 (Pausan.
999 1086 1035 1144 ν,
1058 1068 1115 1131 ll.
1138 1088 1177 1150 p.
1193 1062 1275 1150 ⁴⁰2).

177 1171 227 1241 in
244 1174 349 1239 lorica
367 1180 477 1239 autem
499 1193 560 1237 sen
582 1174 697 1236 humili
716 1174 852 1256 pariete,
867 1179 945 1236 unte
957 1171 1057 1234 loris
1072 1169 1276 1234 simulacrum

177 1273 296 1352 ,dum
312 1275 520 1339 Panemo
531 1275 710 1351 vulneram,
724 1275 818 1358 picta
831 1293 854 1338 a
866 1273 1026 1351 Panoeuu,
1041 1272 1177 1337 Phidiae
1190 1270 1276 1336 batn

181 1374 310 1461 (ilno.).
332 1375 413 1441 Alia
433 1383 504 1441 erat
524 1376 744 1441 Parthesileae
773 1378 906 1460 pictura
933 1375 1111 1459 Polygnoti
1148 1373 1278 1457 Delphis

181 1474 282 1561 (ibid.
299 1494 340 1557 x,
353 1479 408 1543 31.
423 1499 458 1563 p.
473 1477 540 1543 875
563 1475 605 1561 f.)
625 1484 784 1561 etpugna
805 1474 927 1542 'lhesei
946 1497 1023 1541 cum
1048 1475 1278 1550 Amazonibus,

178 1580 277 1664 picta
288 1584 323 1645 in
335 1581 467 1647 Poecile
488 1599 512 1644 a
530 1578 667 1645 hlicnne
689 1578 789 1665 (ibid.
805 1595 833 1656 1,
847 1577 910 1663 15)
929 1578 1107 1643 Certamen
1127 1577 1278 1642 artilicun

181 1682 221 1744 iu
244 1681 430 1749 dedicando
452 1704 496 1749 cx
517 1704 585 1748 aere
605 1684 701 1766 signo
725 1684 760 1746 in
783 1683 909 1766 templo
929 1681 1150 1765 Ephesiorum
1174 1702 1209 1746 v.
1231 1699 1278 1764 ap.

181 1781 274 1847 Plio.
288 1801 432 1862 xxxiv,
447 1786 492 1850 19
504 1806 557 1869 pr.
602 1784 710 1849 Fuere
723 1786 749 1849 ii
763 1784 906 1848 urtitioes
921 1781 1280 1868 Polyclens,·Pnntio,

179 1881 364 1964 ,censum
378 1885 508 1970 Cydon,
523 1893 558 1950 et
574 1886 777 1950 Phradmou.
817 1884 991 1950 -Praeterea
1009 1884 1147 1948 Plinius
1161 1883 1281 1949 Desilai

184 1983 390 2051 Amazonem
413 1989 629 2066 vulneratam,
648 1987 811 2073 (xxxiv,
836 1989 892 2067 19,
911 1986 972 2072 15)
993 1992 1027 2052 et
1050 1984 1283 2072 Strongylionis

184 2085 390 2151 Amazonem
403 2110 564 2152 eucnemon
590 2089 685 2167 (ibid.
706 2110 738 2154 s.
753 2090 812 2168 21)
828 2098 1005 2175 utramque
1017 2109 1064 2153 ex
1078 2108 1159 2167 oere,
1170 2106 1283 2152 muno

183 2195 247 2254 rut.
287 2188 418 2255 Debuit
432 2189 565 2256 Phidiae
575 2194 728 2259 aliaesse
741 2190 885 2259 Atbunis
895 2190 1048 2256 Amnon
1060 2188 1159 2254 insto
1172 2188 1283 2264 innixo,

183 2292 309 2355 -sivcru
328 2292 415 2356 dixit
438 2291 576 2355 lodan.
601 2291 729 2370 Imagg.
753 2296 788 2358 4.
838 2294 1018 2370 Antiqnins
1039 2290 1196 2354 omnihus
1218 2309 1284 2354 enn-

184 2397 320 2457 meratis
340 2397 475 2476 signum
492 2393 557 2456 fuit
574 2390 748 2455 Annoclis
770 2387 972 2472 Cydoniatae
994 2389 1082 2453 ultra
1104 2388 1162 2454 01.
1177 2403 1284 2454 xxi-x.

187 2511 363 2576 assurgens
377 2514 465 2570 aero,
487 2493 610 2570 (Paus.
634 2513 668 2568 r,
692 2493 748 2556 25.
774 2512 810 2574 p.
825 2492 916 2569 445.)
952 2489 1122 2573 Olympioe
1137 2492 1285 2574 positum,

182 2590 345 2658 Herculis
367 2615 442 2658 cum
461 2593 631 2656 Amarnne
655 2594 797 2675 equestri
818 2592 1005 2674 pugnantis.
1050 2589 1200 2656 Narrata
1220 2592 1286 2657 hac

187 2700 266 2756 sunt
287 2713 329 2757 eo
343 2695 494 2771 consilio,
516 2701 554 2758 nt
576 2713 676 2777 quam
699 2694 866 2777 inrigatum
889 2693 969 2755 artis
989 2697 1217 2772 argumentum
1231 2692 1287 2756 hoc

186 2792 297 2870 tuerit,
312 2800 484 2877 appareat,
498 2800 600 2878 utque
615 2800 703 2858 recte
717 2794 781 2858 hoc
796 2814 819 2858 a
833 2792 971 2857 Marone
985 2795 1070 2856 inter
1084 2793 1233 2875 picturas
1246 2813 1289 2857 re

182 2893 261 2960 -serri
276 2896 481 2980 intelligatur.
524 2896 579 2960 Ex
602 2897 645 2960 iis
667 2897 896 2972 monumentis,
920 2913 997 2977 quae
1022 2893 1065 2957 ad
1088 2900 1289 2959 nostratem-

188 3017 272 3080 pora
285 3005 417 3063 senata
441 3005 527 3077 sunt,
548 2998 648 3062 facile
672 3000 828 3080 princeps
850 3004 903 3060 est
922 2998 1055 3078 signum
1078 3014 1099 3058 e
1120 3015 1290 3073 marmore,

190 3119 265 3164 cum
280 3101 393 3165 titulo:
418 3102 573 3163 trnreslutn
585 3098 623 3163 de
633 3096 735 3162 sciolo
749 3096 955 3174 Medicorum,
970 3097 1016 3174 (ἐκ
1030 3092 1155 3180 λέσχης)
1169 3098 1247 3161 olim
1259 3096 1291 3160 in

188 3200 291 3265 hortis
307 3200 566 3281 Matthaeiornm,
580 3221 667 3265 nunc
690 3202 727 3263 in
752 3199 874 3262 Museo
898 3197 1184 3263 Pio-Clementino
1203 3197 1292 3271 (Vol.

49 3306 67 3337 '¹
191 3317 233 3377 11,
254 3302 312 3378 38)
340 3302 374 3364 in
403 3302 630 3384 pulcherrimis
655 3301 822 3380 hahitum3
858 3319 1001 3363 mamma
1025 3300 1147 3363 dextra
1171 3300 1293 3364 nudata

189 3406 292 3466 stans.
337 3402 421 3466 Sunt
438 3404 506 3466 alia
529 3405 563 3466 in
591 3404 709 3467 Museo
732 3402 934 3485 Capitolino,
959 3405 1025 3465 alia
1044 3402 1120 3465 aliis
1142 3404 1178 3465 in
1201 3401 1293 3477 locis,

188 3504 352 3585 praeclaru
379 3502 529 3569 Amazon
552 3508 713 3588 equestris
741 3525 785 3567 ex
807 3525 872 3568 aeru
901 3505 985 3566 inter
1014 3502 1296 3581 Herculanensia3

191 3604 250 3668 sed
265 3605 308 3667 ad
323 3606 435 3669 locuni
455 3614 600 3671 nostnrm
616 3606 697 3669 lacit
714 3605 934 3688 anaglyphum
954 3602 1097 3667 invilla
1114 3603 1296 3686 Borghesis

191 3708 280 3790 spud
295 3707 558 3773 Winckelmarm.
604 3708 767 3785 (hlonum.
787 3706 875 3770 ined.
892 3714 1055 3780 cxxvn.)
1074 3707 1106 3766 in
1122 3724 1190 3788 qno
1214 3704 1296 3767 Pen-

191 3812 337 3876 thesileae
353 3812 512 3874 adventus
526 3813 569 3875 ad
586 3811 753 3875 Priamum
768 3809 950 3874 exhibetur.
996 3807 1207 3872 Amazonum
1218 3809 1298 3871 ima·

163 3968 169 3977 .
192 3916 285 3996 gines
298 3914 485 3996 frequentes
500 3921 573 3977 sunt
588 3917 622 3977 in
636 3914 743 3976 omnis
762 3912 936 3974 multarum
953 3911 1047 3976 Asiae
1062 3910 1207 3989 urbium,
1223 3927 1296 3993 quae

192 4017 334 4099 origines
349 4033 427 4079 suas
443 4015 486 4078 ub
499 4012 724 4077 Amazonibus
739 4014 942 4095 repetebant.
