2664 4686
545 322 580 373 r.
603 322 780 376 vraorurr.
1128 310 1216 379 4461

149 491 209 533 nes
220 468 341 543 divisus,
362 467 582 541 commentario,
604 470 758 531 maalmam
775 476 893 547 partem
902 469 1104 549 grammatico,
1117 470 1216 533 statim

101 594 106 603 ·
153 568 307 647 subjecto,
328 575 360 627 et
375 566 555 626 Theocritus
580 564 733 644 diligenter
756 575 954 644 comparatus.
997 568 1084 629 Conl'.
1098 570 1217 632 Go‘etzii

100 686 110 699 ·
153 667 252 727 Mam.
267 663 344 725 Ribl.
372 663 479 723 Dresd.
495 678 534 722 11.
544 680 612 740 pag.
626 669 694 725 ³01.
710 682 774 742 req.
809 663 929 723 llum-in
939 664 1087 743 Georgius
1098 684 1217 747 qnoque

151 770 187 820 et
215 759 334 820 dineida
371 770 585 819 commentatus
623 758 709 819 luerit
735 760 877 831 Nunnius,
916 762 998 840 quod
1030 782 1067 823 ex
1094 763 1217 825 elencho

151 855 315 917 editionum
350 856 507 935 Hsynlano
547 855 689 935 suspicori
714 855 793 928 licet,
830 858 941 929 nescio,
975 868 1064 936 atque
1097 859 1218 921 dubito:

155 951 261 1011 saltem
275 953 403 1030 Longius
429 952 459 1009 iu
478 952 602 1029 epistola
615 951 728 1023 scribit,
749 952 907 1024 Nunnium,
928 952 997 1013 satis
1015 955 1218 1034 interceptum,

152 1048 301 1109 Bucobca
318 1056 431 1107 tantum
455 1048 495 1107 ad
520 1046 609 1108 linem
636 1047 816 1125 perduxisse.
855 1048 969 1111 llarlar.
998 1050 1166 1119 Introducts
1189 1054 1219 1112 in
1264 1064 1271 1079 ⁸

151 1145 228 1204 Not.
241 1144 287 1203 lit.
301 1144 387 1203 Rom.
404 1144 437 1203 P.
453 1160 493 1203 11.
509 1162 577 1222 pag.
591 1143 663 1205 506.

98 1282 155 1299 ··-
168 1248 276 1309 [amb.
292 1248 442 1307 Hortensii
464 1246 631 1306 Montiortii
650 1247 856 1308 Enarrationes
879 1249 910 1307 in
933 1268 984 1309 sex
1004 1250 1116 1328 priores
1128 1248 1219 1311 libros

153 1343 296 1406 AEurldos
318 1344 492 1422 virgiliane.
539 1344 594 1404 llis
616 1355 802 1405 accesserunt
823 1346 948 1406 illustres
971 1347 1175 1407 annotnnonca
1189 1348 1219 1406 in

109 1446 112 1451 '
153 1460 206 1501 sex
230 1440 361 1518 ejusdcm
380 1448 478 1520 politae
500 1441 681 1519 posteriores·
697 1441 797 1511 llbroa,
817 1442 919 1501 eodem
945 1442 1049 1502 Lamb.
1063 1442 1221 1502 Hortensio

154 1547 289 1599 auctore.
330 1537 403 1597 ltem
418 1557 514 1597 rerum
529 1548 558 1596 et
572 1537 728 1597 verborum
743 1537 879 1614 copiosus
894 1537 996 1597 ludex.
1014 1538 1148 1609 anilere,
1168 1558 1222 1618 per

155 1632 317 1694 Hemicum
342 1634 460 1693 Petrum
482 1644 511 1692 et
533 1633 579 1692 Jo.
602 1633 778 1709 Oporinum.
801 1628 855 1692 fol.
890 1634 1099 1694 commentarii
1123 1635 1154 1693 in
1171 1654 1222 1693 sex

152 1727 271 1809 priores
283 1727 383 1787 libros·
394 1737 463 1789 mnt
481 1726 661 1804 amplissimi,
682 1736 721 1785 et·
733 1747 792 1785 non
805 1737 904 1788 carent
918 1727 1100 1801 eruditione:
1121 1746 1221 1789 rerum

154 1842 316 1903 promote
329 1822 451 1882 iatomm
464 1832 629 1900 temporum
651 1830 789 1898 congesta
803 1831 871 1881 sunt
895 1823 1018 1899 plurima
1036 1823 1076 1883 ad
1094 1823 1222 1901 singulas

155 1938 260 1989 roem,
279 1918 438 1978 sententias
458 1926 489 1976 et
512 1916 591 1985 loca,
611 1935 679 1994 quse
703 1915 741 1975 ad
760 1923 880 1993 peilam
897 1918 970 1977 nibil
990 1918 1122 1988 laniunt-3
1154 1941 1222 1998 qun

104 2028 109 2035 “
153 2014 273 2075 monitu
286 2032 361 2091 opus
374 2022 447 2082 erat,
469 2012 577 2072 frustra
586 2006 711 2088 quaeras.
752 2014 904 2073 Brerlores
918 2024 985 2074 sunt
999 2017 1122 2075 leniores
1132 2036 1223 2079 anno-

155 2110 284 2171 tationes
296 2110 325 2170 in
339 2128 390 2169 sea
403 2107 532 2186 reliquos
543 2106 643 2175 libros,
665 2125 760 2183 neque
773 2117 872 2166 tamen
885 2128 922 2167 eo
935 2110 1079 2171 meliores.

109 2204 201 2269 1560
212 2204 265 2265 An
279 2205 358 2264 bunc
367 2202 472 2263 ¹iorsun
485 2220 594 2261 aunum
608 2200 760 2261 reserenda
773 2211 817 2261 est
830 2202 1031 2279 Erytlrrmana,
1053 2222 1121 2281 quac
1138 2222 1223 2280 supra

105 2326 110 2335 ·
155 2299 198 2361 ad
212 2318 261 2361 tn.
277 2307 366 2360 1500.
380 2318 433 2375 per
447 2298 549 2357 lirano.
565 2298 780 2373 Rampaaetum
793 2314 914 2366 canusa,
935 2314 991 2376 pru
1007 2313 1032 2357 1.
1053 2297 1155 2357 babila
1167 2308 1224 2359 est.

157 2395 415 2458 cornminus.
821 2388 829 2405 “

107 2526 159 2543 --
174 2488 283 2553 Aldina
295 2476 329 2551 P.
345 2478 469 2550 Manutii
493 2504 549 2549 rrr.
573 2489 608 2548 P.
629 2486 766 2567 Virgilius
783 2486 880 2548 Maro.
907 2489 941 2548 P.
963 2489 1090 2549 Manutii
1102 2501 1225 2551 annota-

157 2589 263 2658 tiones,
283 2596 317 2647 et
335 2584 457 2648 lloinen'
482 2587 548 2645 loca
572 2583 662 2662 magis
684 2584 815 2662 insignia,
848 2602 916 2662 quae
936 2585 1074 2663 Virgilius
1094 2585 1224 2647 imitatus

157 2694 216 2754 eat,
237 2683 272 2743 in·
283 2683 411 2760 morgine
425 2691 535 2742 notata.
576 2681 717 2753 Veneriis,
737 2682 817 2761 apud
835 2682 869 2742 P.
885 2682 1049 2742 Munutium
1063 2680 1131 2743 Aldi
1147 2682 1180 2743 Ρ.
1196 2693 1225 2744 8.

157 2778 507 2839 Videmodoan1558.
645 2820 650 2827 -

110 2908 160 2923 ··-
172 2876 350 2955 Gryphiaua
372 2891 432 2935 xv.
457 2876 490 2934 Ρ.
513 2873 626 2948 Virgilii
646 2876 722 2932 Mar.
747 2874 859 2951 Opem,
891 2892 950 2933 una
971 2894 1038 2933 cum
1054 2875 1225 2952 opusculis,

159 2990 230 3049 quac
248 2972 320 3049 ejus·
335 2971 454 3031 nomine
475 2969 733 3030 circumferuntur.
775 2970 884 3027 Omnia
898 2968 996 3027 denuo
1010 2968 1048 3027 ad
1063 2969 1226 3045 castigatis·

113 3106 117 3119 ·
158 3069 298 3128 simorum
324 3068 535 3146 exemplarium
566 3065 655 3125 fidem
693 3083 782 3142 quam
817 3062 1034 3122 accuratissime
1061 3060 1226 3122 emendata.

160 3162 312 3241 Lugduni,
342 3164 421 3241 apud
451 3163 582 3223 heredes
609 3161 681 3221 Seb.
710 3159 850 3237 Grypbii.
876 3166 922 3217 12⁸.
978 3158 1064 3216 Nova
1092 3158 1157 3217 lucc
1181 3169 1228 3218 est

160 3259 293 3317 recensio
306 3258 429 3316 Antonii
447 3256 586 3337 Gryplrii,
610 3257 660 3333 qui
675 3255 764 3332 priori
778 3254 869 3331 patris
882 3253 1044 3312 sebastiani
1065 3252 1226 3330 praefationi

161 3372 247 3413 suam
260 3354 404 3432 preemiu‘t
416 3354 484 3412 Kal.
500 3355 571 3412 Dec.
590 3349 676 3413 1560.
702 3351 852 3428 scriptam,
873 3349 902 3407 in
921 3368 1015 3426 eaque
1028 3349 1093 3407 hnc
1107 3348 1228 3425 prolite-

163 3459 233 3508 tur:
254 3453 375 3525 ‘quem'
392 3447 570 3527 (Virgilium)
589 3456 644 3506 ‘ut
656 3449 864 3515 emitteremus,
879 3446 1007 3523 undique
1022 3444 1228 3522 conquirendis

162 3543 263 3602 multis
276 3544 500 3620 exemplaribus,
533 3563 600 3621 quae
620 3544 735 3601 calamo
755 3551 785 3601 ct
807 3544 887 3619 stylo
906 3550 1029 3607 ,exarata
1054 3540 1140 3599 nobis
1164 3540 1230 3619 ipsa

117 3670 121 3675 ·
164 3646 311 3696 vetustate
345 3656 522 3715 magnopere
550 3637 753 3714 probarentur,
789 3657 885 3715 neque
922 3635 1097 3712 sumptibus,
1134 3655 1230 3714 neque

119 3749 122 3753 ·
163 3732 403 3811 laboriunquam
419 3734 598 3812 parcendum
614 3734 725 3811 putari.
767 3734 877 3813 loquo
895 3750 1052 3811 permagna
1069 3731 1161 3808 gratia
1178 3732 1229 3789 lra-

164 3824 265 3889 lmus
291 3838 336 3887 est
364 3830 404 3891 D.
432 3830 466 3887 1..
501 3826 636 3887 Fabricio
662 3826 687 3886 1.
713 3829 752 3887 U.
772 3828 814 3887 C.
843 3827 1068 3898 Mediolanensi,
1101 3826 1229 3906 publicas

121 3963 128 3979 .
165 3922 300 3983 utilitatis
314 3923 542 3984 studiosissimo:
564 3924 615 4000 qui
629 3922 668 3982 de
680 3923 804 4001 proavis·
816 3931 846 3982 et
869 3924 962 3983 atavia
981 3921 1141 3982 suis‘nobis
1152 3920 1231 3978 exbi-

121 4060 125 4065 -
168 4017 234 4077 bito
257 4018 455 4079 vetustiosimo
484 4017 645 4097 exemplari
666 4016 747 4088 facit,
777 4028 810 4079 ul
837 4018 920 4097 quod
948 4029 1042 4079 auter.
1055 4017 1116 4075 sine
1142 4032 1229 4073 sensu

124 4122 129 4153 ²
168 4114 317 4192 legeretur
337 4116 413 4176 libro
427 4130 475 4176 vr.
490 4114 603 4175 AEneid.
621 4133 690 4192 pag.
713 4117 803 4184 273!-
823 4114 929 4193 (hujus
948 4114 997 4175 etl.
1019 4110 1180 4190 alias-post
1201 4129 1229 4166 v.
