2664 4686
492 362 497 369 ·
575 344 750 397 vinclum.

498 495 726 565 ASMENUS
749 492 835 560 VII.

108 644 285 709 Pastorum
300 643 395 705 vates
407 657 468 720 ego
482 655 575 700 sum:
598 635 653 698 cui
668 650 745 696 rura
758 629 928 710 ducesque

155 742 310 808 Carmina
323 745 407 805 ami.
452 736 520 802 Hic
534 754 589 801 me
602 733 724 819 pressit
736 731 859 796 acerba
870 728 976 812 quies.

477 896 717 968 VOMANUS
740 894 847 961 VIII.

109 1040 144 1106 A
155 1039 260 1124 sylvis
273 1038 317 1102 ad
331 1057 442 1121 agros,
458 1037 502 1101 ab
517 1035 606 1118 agris
617 1032 660 1098 ad
675 1030 793 1117 praelia
802 1029 890 1094 venit

154 1139 257 1205 Musa
270 1138 432 1204 Maroneo
445 1137 566 1201 nobilis
580 1135 723 1217 ingenio.

471 1297 765 1366 EUPHORBUS
789 1297 861 1363 IX.

112 1438 274 1503 Bucolica
288 1436 451 1520 expressi,
465 1439 499 1500 et
511 1436 596 1500 ruris
610 1437 782 1518 praecepta
794 1422 942 1510 colendi;

158 1538 244 1603 Mox
258 1538 363 1603 cecini
377 1556 518 1623 pugnas.
556 1535 714 1602 Mortuus
725 1534 781 1599 hio
794 1533 918 1597 habito.

505 1700 744 1769 IULIANUS
771 1698 822 1764 X.

113 1833 184 1900 Hic
198 1836 278 1902 data
290 1834 434 1920 Virgilio
444 1837 585 1921 requies,
599 1835 656 1920 qui
671 1834 814 1899 carmine
828 1831 921 1897 dulei

157 1938 200 2003 Et
215 1936 323 2016 Pana,
336 1945 369 2003 et
383 1943 519 2021 segetes,
534 1942 568 2003 et
581 1935 650 2000 fera
664 1935 753 2001 bella
768 1933 871 1999 canit.

504 2099 731 2168 HILASIUS
754 2098 826 2163 XI.
923 2160 926 2165 ,

115 2232 273 2299 Pastores
287 2236 393 2301 cecini
406 2256 415 2316 3
431 2234 542 2312 docui,
558 2234 616 2318 qui
632 2233 741 2298 cultus
755 2233 791 2296 in
804 2232 913 2315 agris3

156 2335 281 2402 Praelia
291 2337 463 2422 descripsi.
509 2335 673 2417 Contegor
686 2334 750 2398 hoo
765 2332 905 2399 tumulo.

468 2486 742 2554 PALLADIUS
764 2484 855 2550 XII.

116 2616 281 2685 Conditus
295 2621 349 2686 hic
364 2642 426 2707 ego
440 2642 526 2701 sum,
535 2622 631 2706 cujus
644 2620 745 2684 modo
760 2618 885 2684 rustica
897 2600 1002 2683 Musa

159 2719 225 2801 Per
235 2721 360 2806 sylvas,
375 2744 504 2808 perros
517 2724 609 2789 venit
622 2724 665 2787 ad
680 2720 912 2787 armannum-¹

540 2971 612 3037 xr.
648 2970 810 3055 (xvir.)

325 3153 465 3218 Asmeaii
483 3152 592 3219 Versus
608 3156 642 3219 ia
655 3116 736 3220 cod.
751 3153 783 3218 V
779 3153 852 3220 utic.
867 3177 898 3217 n.
918 3162 1009 3225 1574.

116 3299 249 3365 Primus
263 3301 362 3367 habet
375 3303 552 3388 pelagique
565 3306 673 3369 minas
687 3311 848 3390 terraeque
863 3305 1052 3386 secundm

117 3402 250 3468 Tertius
268 3424 407 3483 errores,
423 3414 457 3471 et
467 3426 595 3470 amores
611 3413 749 3491 quartus
762 3406 882 3472 Elissae
895 3426 907 3486 3

119 3503 263 3582 Quintus
278 3507 378 3572 habet
390 3508 500 3586 ludos,
516 3514 631 3575 sextus
646 3509 779 3575 deducIt
793 3508 836 3573 ad
848 3510 1007 3590 umbras;

119 3606 288 3690 Septimus
303 3604 485 3686 Ausonios,
506 3608 646 3673 AEneam
658 3616 796 3673 octavus
810 3614 843 3672 et
856 3606 959 3672 arma.

119 3707 241 3773 Nonus
255 3717 288 3773 at
300 3710 529 3793 Hyrtacidem,
539 3712 688 3776 decimus
704 3711 857 3775 Pallanta
868 3711 1014 3791 peremit.
1197 3716 1222 3779 5

123 3808 329 3875 Undecimus
340 3811 493 3876 Tarchon
509 3809 654 3890 damnat',
668 3833 745 3897 pars
757 3813 871 3876 ultima
883 3810 1039 3878 numum.

617 3992 725 4045 NOTAE

155 4115 164 4142 ¹
178 4110 250 4162 Alios
262 4112 474 4177 poetarumlnrus
482 4112 509 4164 in
519 4112 652 4178 epitaphio
692 4112 718 4163 in
730 4110 837 4161 Anthai
848 4110 937 4161 Barna.
953 4110 970 4158 l.
983 4123 1013 4161 rr.
1030 4124 1073 4175 op.
1084 4114 1221 4163 leti-²⁰⁶.

121 4188 239 4240 Maronis
250 4188 385 4241 condendo
395 4189 449 4241 vid.
459 4203 493 4240 ex
509 4188 652 4240 Catsiectis
725 4200 796 4239 xvu.
813 4185 902 4239 ouen.
914 4186 1070 4239 Tarchontem
1079 4185 1223 4239 mm
