2664 4686
405 331 457 379 nn
481 329 654 383 murrinos
685 335 761 387 orn.
783 340 851 389 vrr.
1087 332 1174 399 ⁴807

369 747 720 829 EXCURSUS
758 753 872 829 VIII.

83 948 141 1004 AD
159 950 357 1004 RECENSUM
373 954 616 1017 POPULORUM,
632 956 698 1010 QUI
716 957 794 1007 cUM
812 958 951 1011 LATINO
969 961 1159 1023 ARMORUM

411 1034 637 1087 SOCIE'I'ATEM
653 1038 842 1090 INIERANT.

62 1246 65 1251 .
112 1213 185 1274 vu,
205 1197 355 1281 (idbsqq.
380 1195 465 1261 Cum
483 1197 615 1281 Virgilii
637 1200 778 1266 crudifio
798 1201 947 1285 inprimis
969 1207 1176 1280 mirationem

61 1298 175 1367 fana
186 1301 221 1363 in
233 1301 356 1365 ueteris
373 1298 481 1365 Italiae
504 1302 699 1382 originibus,
715 1323 799 1395 quas
819 1312 853 1369 et
874 1314 1029 1373 accurate
1043 1311 1176 1381 investi·

60 1418 171 1483 gaesa
188 1406 222 1466 et
241 1401 415 1467 commode
437 1407 534 1484 atque
555 1404 722 1485 ingeniose
742 1406 900 1470 carminis
922 1410 975 1472 sui
996 1410 1099 1476 indoli
1121 1432 1177 1480 ac·

64 1501 303 1567 commodasse
322 1502 470 1582 videtur3
490 1522 556 1566 non
575 1505 714 1586 pigebit,
730 1507 763 1569 in
779 1506 867 1572 bane
883 1510 1038 1575 carminis
1051 1520 1177 1595 partem

62 1622 256 1679 munere,
281 1610 325 1682 et,
348 1624 424 1687 quae
453 1605 592 1687 singulis
619 1605 703 1671 iocis
732 1612 861 1672 veteres
888 1610 1013 1676 fabulae
1041 1615 1073 1677 ei
1103 1620 1177 1681 ante

66 1705 191 1771 oculos
204 1710 344 1770 versatae
356 1706 431 1783 sint,
446 1708 508 1769 sub
523 1725 624 1769 unum
639 1708 790 1772 obtutum
804 1728 980 1792 exponere.

113 1804 267 1871 Primum
289 1807 422 1889 quidem
447 1806 539 1884 illud,
563 1807 655 1889 qnod
672 1808 744 1891 jam
766 1808 924 1888 diximus,
948 1812 1179 1881 observatione

67 1906 207 1991 dignum
221 1907 373 1991 inprimis
395 1913 455 1986 est,
478 1909 569 1992 qued
591 1909 625 1971 in
650 1907 751 1974 Penni
767 1924 886 1995 portes,
909 1934 1007 1996 quem
1021 1933 1042 1978 a
1056 1913 1179 1981 Graeca

67 2010 197 2093 origine
222 2030 324 2092 genus
353 2011 476 2074 ducere
503 2016 751 2088 memoraverat,
782 2012 922 2077 addimit
950 2032 1009 2078 ees
1035 2014 1177 2098 popalus,

68 2109 186 2199 quibas
198 2107 316 2175 Grece
330 2110 464 2196 origines
478 2108 572 2194 vulgo
588 2110 826 2175 tribuebantur.-
851 2134 917 2196 quo
931 2115 1007 2196 ipso
1020 2117 1180 2180 rationem

71 2215 225 2297 aliquam
238 2214 372 2291 invenit,
387 2233 456 2295 qua
469 2214 601 2276 excitos
616 2212 729 2276 varios
744 2211 853 2277 Italiae
867 2214 1013 2296 populos
1024 2214 1180 2299 Trojanis

69 2315 233 2399 objiceret
245 2315 388 2379 adversa
402 2315 476 2377 acie
490 2320 685 2396 pugnantes.
730 2313 838 2378 Vetus
856 2314 1052 2379 Graecorum
1067 2316 1180 2381 odium

67 2416 231 2483 advenas
245 2414 422 2499 Trojanos,
436 2432 565 2496 nupera
579 2413 691 2497 'troje
711 2414 811 2479 clade
830 2414 975 2479 nondum
993 2418 1179 2499 expletum,

69 2518 133 2585 sod
161 2536 204 2583 oo
230 2518 337 2600 magis
366 2518 401 2580 in
428 2534 499 2591 eos,
528 2515 584 2596 qui
612 2513 707 2578 clade
735 2517 929 2599 superstites
954 2515 1179 2598 profugerant,

69 2620 323 2696 inflammatam,
342 2636 463 2682 causas
482 2615 600 2679 auxilii
621 2615 745 2679 serendi
766 2618 896 2699 praebet
909 2617 1055 2682 idoneas.
1100 2616 1181 2697 Quo

72 2720 154 2787 iliud
175 2720 275 2798 idem,
291 2718 383 2801 quod
405 2718 500 2780 toties
521 2717 720 2793 monuimus,
735 2716 893 2795 firmatur,
912 2719 1002 2802 epici
1026 2721 1181 2784 carminis

72 2820 251 2905 Virgdinni
271 2822 414 2885 inactum
437 2820 522 2883 satis
539 2819 720 2902 jucundum
743 2819 804 2884 vix
829 2840 903 2884 esse
924 2840 1026 2903 posse
1050 2822 1099 2885 illi
1122 2824 1181 2886 ho·

72 2924 169 3003 nini,
183 2924 327 3008 quinon
345 2923 471 2986 sabulis
490 2921 558 2984 illis
581 2923 738 3005 antiquis,
759 2922 974 3004 inprimisque
989 2921 1182 2986 Homericis

75 3024 281 3110 italicisque,
294 3026 455 3089 imbutum
469 3023 590 3086 babeat
603 3022 779 3103 ingenium.
805 3021 884 3085 Hoc
899 3028 963 3098 est,
972 3040 1040 3102 quo
1053 3041 1182 3085 summa

73 3146 179 3194 rerum
193 3128 289 3193 redit

118 3229 153 3295 Ii
172 3230 284 3313 igitur,
309 3245 394 3313 quos
416 3228 472 3291 hic
498 3230 663 3289 enumerat
685 3225 831 3308 populos
854 3224 983 3287 auxilia
1007 3222 1127 3287 Latino
1149 3230 1182 3287 et

75 3329 187 3396 Turno
201 3330 416 3407 adducentes,
428 3348 472 3391 ex
486 3346 603 3409 genere
617 3332 693 3389 sunt
703 3344 829 3400 cortun,
839 3325 897 3407 qui
912 3322 1034 3386 urbium
1048 3342 1182 3387 suarum

78 3428 245 3496 conditores
269 3427 394 3492 Grecos
418 3428 574 3492 habuisse
596 3427 794 3504 ferebantur,
815 3427 864 3489 nti
883 3426 917 3489 in
940 3425 1079 3507 singulis
1099 3444 1181 3491 mox

80 3532 277 3620 ridebimus.
306 3531 430 3596 Graeea
440 3531 531 3612 origo
541 3528 676 3592 eosdem
688 3535 813 3605 movet,
824 3533 859 3591 ut
871 3526 1045 3593 Diomedis
1056 3526 1183 3590 auxilia

15 3716 27 3733 ·
81 3642 190 3716 petant
213 3635 271 3699 ini.
297 3651 367 3697 vrrr
388 3653 438 3718 pr.
483 3631 621 3695 latinos
647 3630 792 3713 populos
816 3648 857 3693 ae
886 3630 1038 3694 civitates
1068 3627 1182 3692 ordine

82 3742 166 3802 ceto
185 3755 247 3801 seu
272 3736 356 3800 situs
379 3754 439 3799 seu
463 3734 639 3798 vetustatis
660 3737 859 3795 memoratas
878 3732 1079 3815 expectabat
1101 3728 1183 3792 sorte

84 3836 201 3923 etquis
217 3857 239 3901 a
252 3836 366 3921 poeta.
410 3836 536 3901 Verum
553 3833 682 3898 lubrico
697 3833 752 3896 ille
766 3833 938 3896 insistebat
952 3830 1114 3912 vestigio:
1138 3827 1182 3890 ab

77 3932 167 4007 dns
189 3940 318 4023 longa,
343 3960 420 4024 quae
446 3938 509 4002 boc
534 3942 681 4020 tempere
708 3939 778 3998 erat
802 3934 906 4012 nulla,
929 3940 1036 3997 ortum
1064 3930 1182 3992 habere

83 4054 177 4107 enne
189 4061 311 4109 nomen
325 4043 489 4118 Latinum,
505 4046 538 4104 et
552 4039 595 4103 ab
609 4057 652 4103 ea
666 4036 826 4103 deductas
839 4055 912 4101 esse
926 4033 1075 4099 colonias
1092 4046 1180 4093 xxx

81 4132 167 4211 hut
179 4146 344 4225 civitates,
358 4144 458 4227 vulgo
472 4149 542 4208 tum
555 4143 749 4209 constabat:
774 4160 805 4204 v.
825 4140 962 4221 Dionys.
980 4151 1036 4213 ιιι,
1050 4133 1092 4200 31
1105 4138 1137 4197 et
1157 4148 1181 4207 r,
