2664 4686
426 325 478 373 sn
493 321 674 376 assinos
699 325 771 374 etr.
789 326 871 375 vni.
1109 308 1198 376 teat

409 792 785 873 EXCURSUS
825 795 895 871 lv·

468 998 520 1051 DE
535 999 651 1052 AENEAE
668 1001 822 1054 CLYPEO.

134 1173 305 1252 v111,625
331 1175 467 1260 ‘clypei
489 1196 557 1242 non
575 1180 758 1244 enarrabile
780 1180 929 1248 textum!
972 1182 1102 1252 Inventi
1127 1187 1198 1252 lau·

93 1275 168 1343 iem
186 1278 223 1341 in
243 1276 418 1361 splendido
431 1279 494 1344 hoo
508 1279 584 1345 loeo
598 1279 740 1364 Virgilio
759 1302 826 1347 non
846 1286 965 1366 magis,
988 1304 1088 1369 quam
1102 1288 1136 1352 in
1149 1293 1200 1353 tot

93 1377 182 1457 aliis,
197 1397 276 1462 qnae
288 1379 325 1443 in
339 1379 479 1445 AEneide
499 1383 615 1447 merito
637 1383 805 1462 miramur,
820 1385 946 1464 deberi,
967 1392 1046 1452 nota
1065 1406 1120 1452 res
1138 1393 1199 1453 est.

93 1476 279 1553 Prniiverat
294 1479 461 1544 Homerus
482 1483 603 1566 clypeo
625 1481 767 1549 Achillis
789 1484 890 1552 Iliad.
906 1489 945 1564 Σ,
959 1491 993 1552 et
1014 1487 1199 1567 Hesiodus,

93 1584 151 1665 pu
177 1580 330 1664 quisquis
358 1580 414 1644 ifle
441 1581 514 1658 luit,
540 1583 659 1666 clypeo
682 1584 851 1650 Herculis
896 1587 963 1652 Sed
988 1588 1107 1671 ingenii
1129 1589 1199 1654 vim

93 1685 186 1747 nne
208 1681 369 1744 acriorem
395 1679 544 1745 adhibuit
565 1681 667 1764 poeta
691 1683 840 1748 ornando
864 1691 899 1750 et
921 1686 1127 1771 expoliendo
1144 1707 1196 1766 eo,

93 1783 184 1867 quod
198 1783 243 1846 ab
258 1783 336 1846 aliis
352 1783 426 1866 jam
447 1788 647 1864 occupatum
666 1783 782 1848 fuerat.
825 1783 932 1871 Atqui
945 1805 1007 1854 nen
1020 1807 1062 1852 ea
1075 1788 1199 1871 ingenii

92 1881 208 1949 ‘nem
220 1883 294 1947 lans
307 1887 367 1946 est.
412 1878 499 1957 Quae
518 1887 628 1946 eutem
649 1883 684 1948 in
703 1883 767 1950 hoo
790 1885 942 1969 episodio
956 1889 1108 1973 inprimis
1120 1904 1198 1972 pro·

92 1984 204 2051 huda
224 1990 313 2062 sunt,
327 1983 400 2047 haec
421 2000 497 2046 esse
516 1981 674 2048 arbitror:
696 1984 957 2071 primumquod
971 1994 1197 2072 argumentum

92 2085 193 2170 degit
203 2090 397 2167 argumento
410 2087 444 2147 et
457 2082 596 2147 oonsilio
611 2085 767 2148 carminis
785 2085 1011 2170 lectorumque
1025 2086 1198 2153 Romano·

92 2202 166 2254 m
186 2185 325 2268 ingeniis
347 2185 499 2268 inprimis
518 2185 816 2262 accommodatum,
837 2206 913 2251 cnm
938 2188 1105 2253 Homerus
1128 2195 1198 2254 tan·

92 2292 162 2355 tm
175 2285 342 2352 mirabilia
355 2285 409 2348 vel
429 2289 568 2366 aspectu
581 2289 639 2348 aut
651 2284 809 2349 varietate
823 2293 917 2368 grata
932 2293 1075 2353 sectatus
1088 2295 1198 2356 esset:

92 2386 173 2457 iuuit
192 2387 230 2453 id
248 2406 347 2471 porro
364 2404 496 2449 summa
516 2403 593 2448 cum
612 2385 788 2469 majestate
814 2389 1000 2466 verborum,
1025 2393 1200 2458 sententia.

92 2510 165 2557 rum
189 2495 224 2553 et
246 2489 529 2573 phantasmatum:
561 2493 760 2553 consecutus
780 2488 879 2552 etiam
904 2495 954 2553 est
975 2508 1078 2556 novas
1099 2493 1199 2558 mira·

92 2591 195 2658 tionis
218 2610 340 2654 causas
361 2610 420 2673 per
442 2588 681 2672 expositionem
707 2608 815 2653 rerum
842 2589 1035 2670 sennarum,
1058 2611 1198 2675 quarum

92 2691 396 2778 wgnosoendarum
412 2692 543 2754 animus
557 2690 721 2754 humanus
735 2690 946 2756 avidissimus
956 2698 1028 2757 est:
1057 2712 1199 2778 cumque

92 2794 178 2860 oneo
191 2813 244 2858 res
259 2793 430 2857 Romanas
442 2796 604 2874 tanquam
621 2793 770 2857 vaticinii
784 2793 895 2875 aliquo
910 2813 1027 2875 genere
1042 2801 1199 2875 narrum,

92 2894 147 2961 ud·
157 2895 340 2978 maiorem
355 2894 505 2976 spiritum
519 2912 700 2974 assurgere,
716 2913 769 2958 res
783 2893 826 2956 od
842 2895 1036 2959 miraculum
1050 2896 1199 2975 evehere,

92 3012 223 3079 angere,
251 3000 287 3058 et
315 2992 518 3076 amplificare
545 2998 617 3057 tuto
643 2992 759 3075 potuit.
804 2990 892 3054 Sane
919 2991 1052 3074 quidem
1081 2995 1199 3062 AEneae

93 3096 208 3165 onnia
229 3097 307 3172 ista,
329 3114 406 3178 qnae
428 3095 464 3157 in
492 3095 610 3177 clypeo
633 3107 794 3175 expressa
818 3090 965 3170 videbat,
986 3111 1121 3176 prorsus
1141 3096 1201 3160 ob-

94 3217 193 3264 seura
206 3216 281 3262 esse
295 3197 493 3275 debuerunt3
519 3198 715 3276 ‘rerumque
734 3193 872 3274 ignarus
893 3193 1034 3277 imagine
1048 3193 1169 3278 gaudet
1179 3197 1200 3277 3'

95 3318 210 3365 terrun
223 3299 257 3361 in
271 3298 323 3362 his
342 3298 501 3361 lectorum
515 3296 628 3379 potius
643 3292 822 3378 voluptati,
837 3313 938 3378 quam
957 3295 1066 3360 herois
1088 3314 1200 3380 perso-

94 3419 161 3478 nae,
177 3400 348 3464 consulere
364 3398 471 3462 licuit.

137 3501 194 3566 Ex
218 3498 347 3582 artificii
374 3497 486 3563 vetem
510 3496 712 3582 descriptio-ne
736 3499 864 3583 passim
883 3498 996 3582 poetae
1023 3501 1202 3565 uminum

95 3622 231 3669 snorum
252 3608 441 3668 ornamenta
455 3602 628 3685 petierunt,
652 3621 719 3684 quo
735 3607 861 3665 veteres
875 3600 1006 3664 subulas
1030 3601 1065 3663 in
1078 3619 1120 3664 eo
1143 3621 1202 3666 ex·

95 3723 232 3790 pressas
254 3724 386 3769 narrare
402 3704 527 3767 liceret.
573 3700 661 3765 Inter
684 3702 778 3766 varia
800 3703 931 3765 inventa
944 3700 1069 3765 nullum
1092 3706 1201 3766 tamen

96 3805 189 3872 uliud
202 3825 305 3888 genus
318 3803 537 3889 opportunius
551 3820 625 3865 esse
640 3802 769 3866 videtur
781 3802 911 3885 clypeo,
925 3803 955 3866 si
968 3802 1118 3884 priscum
1131 3802 1202 3884 cly-

96 3927 181 3992 peos
194 3907 330 3990 sculpto
349 3925 448 3989 opere
473 3902 609 3968 ornandi
632 3922 754 3966 morem
775 3907 922 3985 reputes.
968 3902 1079 3967 Multo
1092 3902 1201 3965 minus

96 4008 271 4074 commode
284 4028 319 4073 v.
334 4029 366 4073 c.
381 4005 582 4090 Apollonius
599 4021 625 4083 1,
639 4003 935 4088 721sqq.tabu1os
949 4002 972 4069 J
973 4003 1086 4068 aeonis
1100 4001 1202 4083 pullae

98 4110 244 4175 intextas
253 4115 394 4187 enarrat,
410 4107 556 4191 Europe
569 4104 700 4171 calatho
710 4103 871 4169 hlasohns
885 4103 984 4188 Idyll.
999 4118 1041 4180 ιι,
1055 4102 1099 4166 87
1112 4120 1201 4186 sqq,

100 4211 132 4277 in
144 4216 238 4276 veste
258 4211 404 4294 stragula
416 4207 534 4276 Catuli
551 4223 657 4286 lxiv,
671 4207 716 4273 50
730 4226 819 4292 sqq,
834 4205 869 4271 ln
884 4210 1008 4272 mutere
1021 4221 1198 4290 expressas

162 4327 287 4393 neusa
299 4326 358 4379 ue.
369 4326 435 4380 cre.
579 4304 584 4311 '
624 4325 697 4392 reg.
1068 4319 1140 4373 nr
