2664 4686
106 283 195 351 432⁰
509 294 705 347 excursus
728 297 813 346 rur.

109 464 167 509 mo
188 460 321 507 nemore
344 439 457 506 Diana
478 440 652 523 peregrino
673 438 984 507 morefnitonlta:
1019 460 1102 507 eum
1123 442 1210 509 nerii

110 550 270 630 preesset
297 543 453 626 tingitivus
481 561 611 619 servus,
640 544 696 607 cui
728 542 839 624 gladio
867 543 1141 626 depugnandum
1157 550 1211 609 ent

110 646 268 711 adversus
282 664 521 727 quemcumque
535 646 637 708 atium
658 663 801 721 sewum,
821 646 880 728 qui
895 646 928 709 ei
944 647 1042 709 victo
1064 646 1101 710 in
1121 646 1210 710 dou·

55 800 63 811 .
111 748 238 811 dotium
252 744 431 809 succedere
444 751 593 827 poterat3
628 747 728 827 ἇγὸνα
741 744 925 831 μονομαχίας
946 746 1110 829 appellat
1131 744 1211 809 Ριιιι

112 865 153 924 ιι,
167 847 222 924 27,
248 868 283 930 p.
298 847 374 910 173.
428 845 566 908 Videtur
589 846 704 928 religio
727 845 827 910 ludos
848 846 1081 928 gladiatorios
1107 846 1211 911 consi·
1251 876 1253 931 f

111 950 226 1025 tuisse,
242 948 302 1011 sed
317 950 398 1011 inter
412 947 581 1028 fugitivos,
596 954 633 1010 ut
646 947 753 1010 victor
763 966 825 1030 pro
838 966 916 1029 rege
928 946 1118 1012 Nemornli
1130 951 1211 1010 esset.

113 1048 200 1128 Quae
214 1049 327 1131 religio
350 1068 426 1112 cum
450 1048 642 1131 Scytbicum
663 1049 761 1112 ritum
775 1049 893 1113 referre
907 1048 1093 1126 videretur,
1107 1046 1212 1113 ιιιιιιιΙ

112 1150 215 1232 vulgo
239 1156 397 1233 coeptum,
421 1150 587 1233 Scythicae
603 1150 724 1215 Dianae
750 1150 966 1214 simulacrum
983 1152 1033 1215 ab
1048 1148 1167 1214 Oresta
1183 1148 1213 1211 da

9 1262 15 1273 “
113 1251 261 1316 Taurica
285 1251 493 1335 deportatum
515 1252 562 1314 in·
577 1272 619 1316 eo
643 1254 719 1316 loeo
741 1270 817 1316 esse
840 1258 1093 1317 consecratum.
1147 1248 1211 1314 ve

114 1352 220 1417 Solin.
241 1353 264 1416 3
277 1373 353 1436 pag.
376 1353 418 1417 13
444 1370 476 1428 c,
500 1358 534 1415 et
546 1352 631 1415 alios
645 1353 735 1435 apud
750 1353 941 1418 Cluverium
953 1372 1037 1435 pag.
1051 1350 1119 1417 921
1134 1370 1212 1434 seqq.

114 1454 202 1520 eunt.
217 1472 293 1536 sup.
317 1450 664 1533 Tom.1'Vit.Virgil.
690 1453 718 1536 §.
731 1452 786 1517 35.
842 1452 919 1537 Egit
944 1453 989 1516 de
1012 1452 1136 1518 Aricia
1155 1450 1214 1515 dili·

115 1562 226 1639 genter
249 1559 328 1637 post
346 1551 537 1617 Cluverinm
560 1553 707 1637 Vnipius
730 1553 804 1617 Vet.
828 1553 918 1617 Latii
943 1555 1005 1617 lib.
1024 1571 1117 1634 xrrr,
1131 1552 1212 1618 Tun.

119 1675 185 1733 vn,
200 1677 278 1740 pag.
293 1655 357 1719 179
370 1675 466 1738 seqq.
519 1655 561 1717 ln
584 1654 701 1718 eodem
727 1653 847 1718 Dianae
868 1655 993 1737 templo
1020 1654 1123 1719 heros
1143 1652 1213 1718 indi-

116 1775 199 1835 gena
213 1756 351 1819 Virbius
365 1759 400 1829 (a
411 1775 478 1837 quo
489 1761 522 1819 et
536 1757 632 1820 collis
643 1755 783 1819 Virbius
795 1775 915 1819 nomen
927 1756 1040 1834 duxit,
1056 1756 1101 1819 de
1114 1774 1213 1841 quor.

116 1854 309 1938 Capmartin
336 1858 378 1921 de
408 1856 550 1938 Chaupy
580 1856 717 1920 Maisan
743 1858 785 1921 de
813 1855 1008 1941 Campagne
1043 1856 1214 1935 d’florrm

115 1956 213 2022 Tom„
237 1972 279 2034 11,
299 1977 378 2039 pag.
394 1958 457 2021 117
479 1961 589 2040 seqq.)
612 1956 798 2023 domestica
816 1960 975 2041 religione
987 1960 1105 2025 cultus
1125 1958 1215 2023 tuisse

30 2082 32 2086 ⁴
116 2059 256 2136 videtur,
270 2078 371 2142 quem
381 2078 428 2120 ex
443 2058 558 2140 aliqua
572 2077 631 2120 seu
645 2057 759 2121 iormae
773 2066 808 2123 et
821 2059 1056 2125 attributorum
1070 2079 1131 2123 sen
1145 2058 1216 2123 torte

117 2161 303 2227 tabularum
339 2160 551 2224 similitudine
588 2159 809 2242 Hippolytum
844 2162 985 2224 seriores
1022 2157 1218 2245 interpretati

119 2271 216 2328 sunt:
250 2263 315 2326 nisi
328 2260 372 2325 ad
385 2267 607 2326 commentum
632 2260 713 2323 illud
734 2281 852 2325 nomen
874 2261 999 2339 Virbii,
1023 2260 1218 2337 tristities·

119 2362 249 2442 λιμβίου,
269 2365 416 2449 ritusque
429 2364 601 2444 religiosus
615 2362 748 2426 arcendi
762 2382 866 2445 equos
881 2383 902 2426 a
916 2364 995 2427 luco
1008 2362 1060 2447 (v.
1075 2363 1134 2428 int‘.
1147 2356 1221 2442 773)

120 2466 236 2529 duxit:
269 2472 309 2527 ut
331 2464 449 2527 veteris
472 2463 577 2527 cladis
600 2464 793 2525 memoriam
817 2464 967 2526 renovari
988 2465 1083 2528 beroi
1095 2463 1220 2527 nollent.

120 2566 247 2630 Addita
258 2566 336 2628 hinc
350 2565 493 2627 narratio
508 2564 550 2625 de
573 2563 763 2647 Hippolyto
788 2584 808 2627 e
826 2566 966 2628 mortuis
980 2565 1119 2631 reducto
1140 2561 1220 2629 etin

119 2686 235 2731 nemus
249 2664 421 2727 Aricinum
440 2684 462 2725 a
484 2664 597 2725 Diana
609 2664 775 2727 abducto:
808 2686 839 2728 v.
861 2663 961 2727 Ovid.
978 2664 1067 2730 Mat.
1084 2681 1150 2741 xV,
1163 2662 1221 2728 582

119 2786 215 2847 seqq.
274 2764 359 2826 Earn
384 2764 534 2827 tabulam
561 2763 771 2829 Aricinomm
799 2766 1017 2831 domesticam
1044 2766 1162 2842 fuisse,
1181 2782 1221 2828 ex

121 2866 290 2931 Pausania
310 2865 496 2945 intelligitur
520 2864 579 2928 lib.
597 2883 638 2941 ιι,
663 2888 694 2930 c.
715 2869 770 2932 27.
828 2867 928 2931 Nune
954 2868 1057 2950 polita
1080 2866 1220 2933 Ariciam

119 2968 301 3053 nympham
315 2967 396 3032 facit
406 2968 509 3051 (quod
523 2969 628 3048 magis
643 2970 766 3051 placet,
779 2989 881 3053 quam
896 2976 933 3033 ut
945 2969 1066 3033 Aricia
1077 2970 1157 3033 urbs
1169 2968 1219 3041 sit,

121 3071 184 3135 etsi
200 3072 249 3134 sio
264 3070 321 3134 lib.
339 3087 378 3147 x,
395 3070 459 3133 172
483 3073 492 3100 ‘
512 3068 700 3151 Populonia
725 3070 863 3147 mater’)‚
886 3090 962 3153 quae
976 3089 1023 3133 ox
1038 3069 1219 3153 Hippolyto

121 3176 249 3257 peperit
262 3173 425 3237 Virbium.
471 3171 589 3233 Multis
605 3171 713 3233 modis
727 3178 869 3236 tractata
879 3175 930 3234 est
944 3171 1062 3236 sabula
1074 3172 1119 3235 ab
1132 3170 1217 3235 aliis:
1232 3212 1236 3221 ,

121 3275 208 3338 unde
221 3277 362 3338 diversae
377 3275 443 3337 illae
456 3272 754 3336 Grammaticorum
768 3275 923 3336 rationes.

163 3376 231 3439 783
244 3396 336 3457 seqq.
371 3375 424 3437 De
448 3370 550 3434 Turno
572 3374 713 3455 ejusque
725 3375 848 3454 origine
862 3374 988 3435 dictum
1002 3377 1057 3435 est
1072 3372 1215 3437 Excurm

123 3493 191 3539 vn.
234 3475 365 3538 Tribuit
378 3476 409 3537 ei
423 3475 524 3557 po'e'ta
538 3495 571 3537 v.
584 3476 650 3538 793
660 3496 756 3556 seqq·
769 3494 904 3555 regnum
927 3475 962 3536 in
986 3469 1136 3551 Rutulos,
1147 3490 1215 3557 quo

124 3596 198 3641 rum
212 3584 315 3657 caput
325 3575 447 3640 Ardea.
492 3576 637 3640 accensi
652 3577 684 3639 bi
698 3577 848 3653 Latinis3
879 3577 941 3637 etsi
956 3571 1215 3647 interdumdeiis

122 3678 171 3741 ita
183 3677 332 3754 traditur,
348 3686 385 3742 ut
399 3699 458 3742 eos
480 3679 613 3741 aliunde
637 3679 841 3758 immigrasse
856 3682 978 3758 putes:
1011 3674 1079 3739 nisi
1099 3675 1163 3739 hoc
1181 3667 1214 3736 ad

125 3779 281 3844 Daunum
306 3785 431 3843 bannim
457 3786 599 3863 spectat,
616 3780 719 3843 Tumi
739 3784 876 3862 patrem,
903 3778 961 3859 qui
986 3796 1066 3839 cnm
1090 3771 1214 3841 Daunii!

123 3888 243 3944 terram
257 3880 417 3943 insedisse
431 3881 569 3943 videtur.
619 3881 743 3942 Saltem
760 3897 831 3955 xii,
845 3880 889 3942 22
910 3878 1022 3940 ‘Sunt
1045 3878 1107 3941 tibi
1128 3890 1214 3958 regno

124 3982 230 4063 patris
258 3982 380 4058 Dauni,
408 3992 484 4045 sunt
507 3982 634 4065 oppida
658 3989 759 4063 capta
786 3980 898 4043 Multa
920 3978 1046 4042 manu!
1100 3978 1142 4043 ln
1160 3975 1214 4040 Ex·

125 4086 250 4166 carptis
275 4085 423 4171 Appiani
446 4085 505 4149 lib.
534 4104 545 4148 ι
575 4080 692 4145 liuenti
719 4079 871 4169 Tyrrheni
900 4088 1141 4163 momorantttr3
1169 4070 1214 4143 sd
