2664 4686
114 304 204 369 4374
548 315 747 367 1114444114
769 317 797 364 1.

116 463 569 532 44444144144111441286
589 483 661 546 sqq¹
706 461 809 526 ’14141
832 463 1258 559 441111414414144444·Ι

115 573 164 648 (r.
181 570 260 644 414)
281 569 356 650 ipsa
379 565 497 631 Alecto
513 567 563 628 ira
584 573 619 628 et
633 565 740 628 lurore
762 565 920 629 incendit.
967 564 1161 631 Tertiodie
1177 586 1220 632 re·

117 677 229 736 144441
242 689 356 734 causae
370 670 449 733 belli
474 670 559 732 inter
573 667 736 751 Γ11414444
749 676 783 731 44
796 666 955 731 latinos:
979 668 1124 733 Turnus
1146 669 1220 734 In·

116 777 242 836 rentum
257 771 427 854 profectus
442 775 540 853 parat
555 788 656 845 arma,
670 768 773 832 edicit
787 768 921 847 bellum,
936 769 1075 833 auxilia
1097 772 1220 854 colligit.

118 873 225 938 Recte
240 892 326 937 nunc
341 874 385 937 ab
400 873 488 936 omni
514 871 672 953 temporis
696 873 930 935 memoratione
945 873 1102 936 abstinet
1115 874 1221 957 pnite:

116 974 176 1040 sed
187 976 288 1058 paulo
301 982 378 1058 post
392 976 454 1039 sub
464 975 538 1039 libri
557 989 625 1035 vrri
642 974 770 1036 initium
786 973 902 1036 iterum
915 979 1113 1056 temporum
1138 981 1221 1040 44411

118 1077 276 1161 adjungit.
299 1077 386 1142 Viso
398 1083 557 1140 nocturno
572 1076 714 1138 monitus
726 1075 853 1137 AEneas
868 1075 931 1138 iter
943 1082 1048 1158 parat
1060 1076 1108 1140 ad
1123 1076 1218 1143 Eru-

117 1178 221 1244 drnm.
266 1179 348 1242 Orto
377 1179 431 1242 die
458 1180 536 1241 bina
561 1177 697 1256 navigia
718 1176 849 1240 instruit
876 1176 1094 1260 adversoque
1118 1179 1221 1243 'libro'

116 1286 253 1344 evectus
281 1282 344 1344 sub
367 1281 539 1344 meridiem
567 1279 685 1342 collem
713 1278 918 1355 Palatinum,
942 1298 1048 1361 quern
1077 1279 1220 1346 liv-rte

118 1383 262 1456 tenebat,
279 1381 443 1465 prospicit
460 1398 543 1457 1111,
558 1381 685 1444 79-97
701 1400 775 1463 sqq.
822 1379 986 1462 Hospitio
997 1382 1044 1445 ab
1057 1402 1105 1447 eo
1119 1384 1220 1464 burig-

117 1491 337 1566 neexceptus
359 1481 440 1566 (14141
465 1490 564 1566 444),
586 1481 705 1564 dieque
719 1485 753 1543 et
774 1486 874 1545 nocte
896 1501 974 1545 cum
989 1503 1033 1548 eo
1059 1491 1181 1550 exacta
1191 1502 1218 1546 r.

117 1585 293 1673 aufert)
313 1587 417 1650 altero
444 1587 499 1649 die
520 1586 599 1659 (455
620 1581 713 1667 sqq.)
742 1582 887 1647 Evandri
912 1586 1045 1650 monitu
1072 1585 1219 1671 Agyllam

117 1705 177 1748 seu
193 1686 288 1750 Caere
311 1687 452 1752 Etruriae
467 1689 580 1751 urbem
605 1687 815 1750 adit'AEneas
830 1692 862 1750 et
875 1685 1088 1752 Tarchonem
1108 1688 1151 1752 ad
1173 1706 1218 1753 rr·

117 1806 245 1850 morum
259 1790 454 1852 societatem
470 1788 597 1870 pellicit
609 1806 644 1849 v.
658 1788 724 1850 6414
739 1807 791 1871 sq.

163 1886 293 1951 Interea
305 1891 418 1951 nuntio
433 1888 474 1951 de
490 1889 606 1951 AEneae
623 1889 774 1952 absentie
795 1895 933 1972 accepto
947 1889 1084 1954 'l'nrnus
1104 1891 1218 1955 vallum

118 1987 339 2073 Trojanorum
354 1995 537 2073 oppugnat,
553 1990 695 2052 classem
705 1991 865 2055 incendit:
889 2008 946 2069 rx,
964 1994 1109 2060 1-1418.
1134 1994 1219 2060 Noc·

119 2099 151 2155 te
165 2092 315 2155 insecuta
327 2091 432 2156 Nisus
448 2099 480 2155 et
496 2091 658 2175 Euryalus
673 2093 716 2156 ad
731 2093 873 2156 AEneam
887 2094 983 2191 missi
995 2096 1219 2160 interimuntm

119 2194 301 2259 159-458.
346 2193 459 2258 Altero
473 2194 538 2272 die,
554 2195 612 2277 qui
627 2193 715 2256 idem
731 2195 786 2257 ille
800 2201 863 2271 est,
879 2214 947 2277 quo
965 2194 1096 2260 AEneas
1112 2196 1218 2261 Caere·

116 2301 213 2358 tanos
234 2296 371 2373 adierat,
388 2295 504 2359 Rutuli
518 2300 630 2359 castra
643 2293 862 2377 Trojanorum
877 2296 965 2359 omni
980 2297 1016 2359 vi
1032 2304 1221 2380 oppugnant

116 2397 181 2459 459
203 2397 267 2459 ‘Et
278 2397 348 2479 jam
359 2399 466 2480 prima
474 2416 560 2460 novo
570 2396 746 2478 spargebat
757 2396 877 2459 lumine
889 2397 1219 2464 terras—Aurora-

120 2495 273 2580 lrrumpit
291 2501 324 2559 14
349 2503 458 2561 castra
471 2498 615 2573 Turnus
630 2499 746 2560 iterum
760 2499 935 2580 expellitur
948 2499 1008 2563 lib.
1026 2516 1083 2564 rx.
1108 2502 1219 2565 Habe-

117 2604 168 2660 tur
183 2600 359 2662 concilium
376 2598 522 2660 Deorum
551 2614 591 2673 x,
613 2599 752 2662 1-117.
798 2598 928 2663 Interea
942 2599 1063 2664 Rutuli
1086 2611 1219 2685 pergunt

115 2697 240 2759 vallum
265 2717 456 2780 oppugnare
485 2700 666 2776 lis-145,
682 2700 787 2763 (14444
811 2720 878 2764 nox
902 2704 1110 2785 supervenit:
1132 2704 1217 2786 quod

114 2798 301 2879 intelligitur
326 2819 369 2862 cx
384 2820 416 2862 v.
439 2801 504 2864 1441
527 2819 601 2882 sqq.
647 2799 761 2865 Altero
784 2822 891 2879 mane,
907 2803 963 2885 qui
991 2812 1129 2885 quartus
1153 2810 1217 2868 erat

112 2899 195 2975 dies,
210 2898 303 2963 adest
317 2900 443 2962 AEneas
467 2920 542 2963 cum
564 2901 700 2964 auxiliis
726 2922 770 2965 ex
789 2902 928 2966 Etruria.
976 2903 1025 2980 ls,
1049 2908 1215 2989 superiore

11 3063 16 3074 ,
112 2999 167 3064 (114
192 3002 323 3079 (eodem
351 3002 420 3079 illo,
445 3023 511 3086 quo
539 3022 649 3086 pugna
675 3004 719 3068 ad
748 3009 858 3067 castra
885 3003 1110 3088 Trojanorum
1133 3009 1217 3073 lacta

114 3109 197 3181 erat)
219 3113 371 3183 exeunte,
397 3105 537 3170 navibus
561 3107 752 3169 conscensis
780 3103 904 3190 Agylla
918 3126 976 3170 seu
992 3106 1091 3172 Caere
1114 3110 1216 3174 solve-

115 3212 176 3282 rat,
206 3212 376 3289 totamque
404 3216 533 3270 noctem
563 3207 624 3270 iter
660 3207 743 3270 mari
779 3208 1041 3274 acceleraverat:
1077 3211 1142 3276 hoc
1168 3218 1215 3274 est

116 3323 155 3382 x,
189 3308 253 3371 147
299 3308 438 3371 ‘media
466 3309 591 3373 AEneas
627 3308 711 3372 freta
747 3315 845 3372 44444
887 3309 1047 3375 secabat!
1108 3311 1213 3377 Noctu

115 3407 300 3490 Nymphas,
317 3408 395 3471 olim
410 3428 514 3472 naves
529 3430 618 3487 suas,
635 3412 700 3476 sibi
715 3430 886 3475 occurrere
907 3410 998 3474 videt
1013 3432 1047 3476 v.
1063 3414 1130 3478 215
1144 3433 1212 3498 sqq.

112 3507 169 3572 Ab
184 3508 237 3583 iis,
253 3529 329 3590 quae
345 3517 437 3591 gesta
451 3513 517 3576 sint
532 3514 702 3596 superiore
717 3514 782 3589 die,
798 3513 933 3596 accipit.
983 3512 1105 3597 Copiis
1116 3535 1214 3600 expo·

114 3609 186 3672 sitis
202 3610 326 3672 AErreas
341 3632 485 3695 pugnam
501 3614 602 3693 sacit3
626 3615 737 3680 finitur
751 3616 808 3679 illa
823 3613 1114 3683 Mezentiicaede:
1139 3633 1165 3681 x
1177 3615 1213 3682 141

113 3711 136 3776 1.
180 3709 295 3775 Altero
311 3715 375 3792 die,
391 3717 523 3799 quintus
537 3719 566 3781 is
580 3725 633 3782 est
652 3719 726 3804 (111,
750 3715 798 3800 1),
813 3716 939 3781 AEneas
952 3723 1122 3801 tropaeum
1155 3725 1214 3784 stn-

109 3813 181 3891 41114,
198 3813 360 3880 Pallantis
374 3838 494 3902 corpus
513 3821 555 3884 ad
577 3828 703 3905 patrem
727 3819 917 3883 Evandrum
929 3820 1076 3898 remittit,
1091 3819 1211 3886 latinii

111 3915 263 3981 inducias
286 3917 320 3980 in
347 3933 404 3982 xu
420 3919 491 3984 dies
518 3923 593 3987 dat:
616 3942 635 3986 4
660 3923 782 4005 quibus
797 3927 924 3986 tantum
949 3920 1031 4004 quid
1046 3922 1153 3987 altero
1175 3939 1212 3986 44

112 4020 204 4083 441414
219 4019 274 4084 (114
299 4020 425 4086 sactum
440 4024 496 4100 sit,
512 4029 709 4090 memoratur
725 4023 789 4088 182
804 4043 880 4106 sqq.
909 4023 1058 4107 214114,
1084 4041 1211 4090 4414414

111 4122 212 4183 matio
235 4121 435 4189 cadaremm
459 4127 635 4193 44144411.
679 4123 821 4202 Interea,
839 4124 946 4208 pergit
969 4122 1209 4209 4411441226,
