2664 4686
402 343 455 393 sn
477 344 649 395 sutrinos
672 345 747 396 arr.
769 346 821 395 vr.
1073 333 1161 402 4227

57 489 267 556 ceremonias
295 490 429 574 vulgara
456 498 513 557 aut
539 494 683 558 voluisse
715 498 772 557 aut
804 493 963 576 potuisse,
995 514 1070 559 cum
1098 517 1159 563 nee

57 590 174 674 ipsum
187 591 308 657 iisdem
321 593 427 657 sacris
440 593 602 657 initiatum
615 612 690 658 esse
704 598 841 670 constet,
855 613 930 671 nec,
945 595 974 658 si
993 596 1057 661 hoc
1082 618 1160 663 con·

58 698 174 770 staret,
198 692 277 757 talis
300 692 455 776 impietas
476 695 513 756 in
534 694 756 759 castissimum
772 692 907 777 politum
922 694 1032 771 cadat,
1052 702 1090 761 ut
1111 719 1162 762 ar·

60 812 158 870 cana,
174 793 264 877 quod
277 793 370 858 netas
383 799 463 870 erat,
476 793 520 858 ad
534 794 690 877 profanos
703 793 817 857 efferre
831 794 983 860 voluerit.
1041 795 1108 861 Sed
1121 818 1164 862 ne
1281 836 1287 849 ι

59 895 95 959 in
108 894 280 976 ingeniosa
293 896 355 959 hac
371 895 498 959 Summi
512 894 586 961 Viri
605 896 782 980 hypothesi
801 896 978 960 retexenda
990 898 1164 964 immoran-

60 994 141 1061 dmn
153 996 210 1073 sit,
226 996 331 1059 otium
342 994 423 1060 fecit
435 995 485 1059 vir
504 994 648 1073 doctus,¹
671 996 728 1079 qui
743 1015 816 1059 eam
831 996 866 1060 in
880 996 1035 1078 singulari
1049 1000 1162 1066 libello

58 1095 218 1181 (critiam
241 1094 478 1162 Observations
501 1117 544 1161 on
567 1097 623 1163 the
647 1097 739 1162 sixth
767 1096 865 1162 Book
890 1097 930 1162 ol
951 1099 1005 1164 the
1031 1101 1164 1181 AEneid,

60 1198 174 1265 lond.
198 1194 440 1280 1770.),pau10
464 1198 573 1264 acrius
597 1217 697 1284 quam
719 1198 816 1277 velis,
840 1200 1040 1282 perstrinxit.
1085 1200 1165 1268 Hoc

60 1298 219 1385 equidem
231 1299 314 1364 inter
327 1304 439 1364 cetera
452 1299 679 1366 doctissimum
688 1299 870 1366 Praesulem
884 1302 1038 1384 posuisse
1051 1302 1164 1382 nolim,

60 1398 331 1485 quandoquidem
355 1399 391 1483 id
414 1400 653 1466 alienissimum
671 1409 725 1468 est
748 1402 791 1466 ab
806 1402 968 1480 AEneidis,
993 1405 1166 1487 omnisque

60 1500 222 1567 mininis
247 1502 347 1588 epici,
373 1506 492 1568 natura
518 1509 553 1568 et
584 1504 734 1581 oonsilio,
762 1502 908 1588 poetam,
943 1503 1095 1569 Platonis
1122 1515 1166 1572 ae

61 1602 236 1669 wenis
258 1605 422 1689 exemplo,
446 1605 688 1691 rempublicam
715 1606 859 1671 carmine
887 1606 986 1688 epioo
1014 1606 1170 1693 condere,
1309 1630 1322 1671 .·-

61 1702 273 1789 &umque
296 1705 521 1788 legumlatoris
549 1706 688 1790 perlecti
711 1707 882 1791 exemplar
903 1724 1085 1789 proponere
1107 1726 1167 1773 ro-
1225 1696 1228 1701 ’
1295 1706 1308 1735 ”

60 1806 190 1886 luisse3
223 1825 357 1891 qnoque
374 1806 476 1873 modo
499 1807 667 1873 Homerus
681 1808 837 1886 ethicum,
852 1826 893 1872 ee
909 1808 1072 1874 Miltonus
1092 1808 1168 1873 reii-

61 1907 196 1991 giosum
208 1907 379 1987 ediderint,
401 1909 449 1973 ita
471 1928 494 1974 a
513 1907 657 1991 Virgilio
682 1909 782 1974 civile
805 1928 864 1973 seu
887 1910 1062 1992 politicum
1082 1928 1168 1994 epos

59 2007 236 2075 eonditum
248 2027 335 2074 esse.
380 2007 456 2073 Nec
468 2010 578 2074 miuus
591 2011 666 2075 leve
688 2017 722 2077 et
744 2010 907 2075 infirmum
929 2017 991 2089 est,
1007 2011 1098 2094 quod
1120 2012 1175 2075 al-·

60 2118 136 2177 tero
162 2109 239 2175 loeo
264 2110 389 2192 posuit,
415 2111 539 2175 nullum
562 2112 692 2194 legibus
716 2111 862 2177 ferendis
884 2111 1040 2177 idoneum
1060 2113 1169 2174 virum

61 2210 148 2277 olim
171 2209 287 2290 tuisse,
313 2212 393 2296 quin
419 2214 546 2277 arcanis
569 2215 673 2278 saeris
700 2214 848 2278 initiatus
876 2220 976 2277 esset.
1036 2210 1169 2289 Quotus

62 2310 155 2381 mim
168 2311 311 2395 quisque
323 2313 408 2376 inter
420 2312 565 2390 Minoes,
587 2312 794 2390 Charondas,
814 2313 982 2376 Zaleucus
993 2318 1056 2388 est,
1070 2330 1169 2395 quem

62 2410 247 2479 marinus
260 2411 362 2477 initiis
375 2411 536 2477 imbutum
556 2430 629 2476 esse
654 2412 830 2495 quisquam
853 2410 1046 2476 tradideritl
1080 2411 1168 2490 Qum

61 2512 176 2579 omnia
189 2532 266 2578 oum
280 2514 352 2577 sine
367 2520 502 2578 auctore
528 2512 663 2594 prodita
686 2511 764 2588 sint,
789 2516 859 2575 tum
884 2511 1056 2576 Eleusinia
1076 2513 1171 2578 initia

61 2615 109 2679 nb
123 2614 243 2680 AEneae
256 2614 458 2697 temporibus
483 2618 515 2676 et
538 2617 637 2678 aetate
659 2612 864 2696 aliquantum
877 2619 954 2676 sunt
967 2619 1103 2691 remota,
1125 2614 1170 2678 ad

62 2714 237 2780 Avernum
259 2722 369 2778 antem
394 2712 673 2796 Necyomantium
701 2712 833 2796 quidem
860 2711 1042 2794 aliquando
1063 2714 1169 2779 incla-

60 2816 172 2881 ruisse
185 2819 352 2879 narratum
366 2820 426 2891 est,
441 2813 534 2879 initia
546 2818 655 2878 autem
669 2813 739 2877 ulla
751 2814 786 2876 in
801 2813 854 2877 his
867 2814 952 2878 locis
966 2813 1084 2893 fuisse,
1106 2834 1169 2881 nec

61 2916 216 2995 murm,
229 2936 290 2981 mo
305 2916 474 3001 probabile
489 2916 537 2981 srt.
587 2914 678 2978 Perit
690 2914 821 2979 tandem
836 2914 943 2978 omnis
958 2916 1055 2999 epica
1068 2917 1121 2981 vis
1136 2924 1171 2982 et

61 3016 201 3103 poetica
215 3019 376 3096 suavitas,
390 3017 486 3082 sires
507 3037 529 3080 a
548 3016 648 3101 poeta
661 3020 792 3078 narrata
805 3015 849 3077 ad
865 3015 1056 3097 allegoriam
1076 3036 1169 3081 revo-

63 3122 170 3185 cetur.

563 3328 677 3381 NOTA.

101 3493 236 3557 'suum
252 3492 532 3543 clarissimusbirtorlae
552 3493 601 3541 Ro-
641 3506 698 3541 eom
710 3491 893 3542 memoratione
904 3491 979 3556 hujus
987 3506 1103 3543 censura
1115 3506 1171 3542 nor-

67 3580 154 3623 m
167 3569 294 3621 afiorum
311 3574 456 3632 temporum
473 3568 601 3630 conditor,
641 3572 697 3617 tre.
726 3567 759 3616 V.
771 3566 970 3618 Miscellaneour
981 3567 1076 3618 Works
1084 3566 1170 3617 or'ud.

69 3644 118 3696 Ν.
128 3644 246 3710 Gibbou,
255 3644 325 3711 quod
339 3643 396 3709 lpse
407 3642 538 3710 protessus
549 3650 601 3708 est,
641 3640 754 3709 Gibbou,
766 3645 839 3695 troo.
855 3642 915 3694 Vol.
926 3656 957 3694 rr.
