2664 4686
113 277 205 349 ⁴³⁵ss
547 282 798 337 rxcunsusr.

116 429 692 516 mentueonianlrrinsxcrv
708 426 972 513 apudServium
988 430 1127 497 adini.
1154 431 1224 503 cu

117 563 140 607 a
163 539 259 623 Syris
280 553 340 599 seu
365 533 532 597 Aramaeis
555 531 686 595 cilicie
708 550 787 614 pars
807 531 888 595 olirn
909 532 1112 598 inlnbitatn
1132 534 1225 616 snum,

116 643 233 705 mirum
262 658 326 701 non
354 644 417 711 est,
440 653 560 698 nornen
581 651 695 695 eorum
718 635 837 707 serius,
861 633 947 696 sorte
971 633 1022 697 nd
1050 633 1225 705 noman

116 759 233 823 usqne,
262 741 297 801 in
326 738 368 800 iis
390 737 476 799 locis
502 739 672 815 superstes
700 731 852 816 adeoque
875 731 1020 799 Arimoe
1050 740 1226 807 montesis

116 840 238 907 Cilicia
253 840 359 903 dictos
369 838 485 901 iniisse.
516 834 571 898 Ad
587 834 721 918 Syriam
732 843 846 898 autern
859 844 1001 918 propter
1014 856 1144 905 nornen
1156 838 1225 907 illul

114 941 263 1007 fabulam
285 940 498 1003 Homericam
520 935 646 998 trahere
665 955 707 998 ac
728 934 903 999 transferre
916 938 981 1001 rix
1006 937 1114 1020 licet3
1135 939 1225 1007 aab

115 1043 227 1108 minus
239 1043 281 1104 de
295 1042 372 1103 lacu
387 1037 562 1102 Sirbonide
585 1044 644 1101 aut
666 1056 745 1102 cnm
767 1036 914 1120 Tayloru
934 1039 1037 1120 apud
1052 1038 1224 1109 woclin

115 1143 160 1208 do
171 1143 249 1207 lacu
262 1141 452 1224 Asphaltite
469 1141 628 1221 cogitare.

160 1241 248 1307 Cnrn
269 1243 312 1307 de
333 1243 386 1304 bis
410 1239 549 1304 Homeri
573 1237 753 1321 etVirgilii
775 1239 860 1303 locis
881 1244 933 1303 tot
953 1240 1222 1311 exteutvirnm

116 1344 289 1409 doctorum
310 1343 566 1425 disputationes,
591 1358 760 1423 apponere
783 1340 839 1403 bic
861 1340 976 1403 visun
999 1346 1056 1405 cst
1077 1360 1133 1420 eu,
1156 1362 1221 1427 qun

115 1445 201 1511 inter
211 1447 384 1510 innumera
395 1462 570 1528 perperam
592 1447 721 1505 asserta
741 1440 869 1505 idoneis
890 1460 1004 1505 rerum
1018 1447 1219 1531 arguments,

116 1546 236 1612 salian
248 1545 412 1632 probabili
421 1543 561 1629 judicio,
576 1543 750 1608 memorari
763 1561 867 1626 posse
880 1540 1051 1608 videntur.

527 1828 812 1843 ..ἡ

440 1980 889 2114 ΕΧουκευει

351 2195 428 2264 ΑΒ
465 2197 744 2263 AENEIDOS
781 2197 894 2263 LIB.
932 2197 986 2262 X.

396 2363 554 2414 Anxium
572 2363 687 2427 enne
703 2364 753 2412 cx
771 2361 942 2413 munais.

117 2495 196 2558 Lru.
221 2508 262 2572 x,
284 2494 351 2558 166
373 2512 446 2576 sqq.
472 2493 551 2557 Non
573 2512 686 2556 omnes
699 2493 817 2555 veteris
831 2490 972 2556 Etruriae
988 2493 1144 2559 civitates
1155 2512 1216 2559 me·

109 2582 233 2660 'morari
248 2614 270 2657 a
281 2595 394 2676 poiita,
418 2613 495 2655 cum
517 2596 636 2674 copias
650 2592 726 2654 inde
748 2591 911 2656 adductas
933 2599 1102 2671 recenset,
1120 2595 1216 2659 mani·

113 2697 231 2761 festum
256 2699 316 2757 est.
362 2693 414 2755 Ex
430 2694 472 2755 iis
486 2711 629 2775 quoque,
652 2691 824 2756 duodecim
845 2710 998 2769 numero,
1018 2694 1216 2777 civitatibus,

113 2816 188 2878 quae
199 2794 434 2876 rempublicam
449 2793 661 2855 Etmscorum
676 2794 923 2868 constituebant,
938 2788 1083 2855 Clarium
1094 2803 1128 2860 et
1140 2792 1217 2858 cm

113 2901 240 2960 tuntum
264 2895 394 2959 nominc
416 2896 540 2978 posuit,
561 2895 706 2977 reliquas
736 2895 901 2977 praeteriit.
962 2893 1099 2959 Habuit
1123 2897 1215 2977 igitur

112 2999 287 3064 dilecurmi
325 3017 368 3060 au
383 3004 504 3060 temere
526 2999 697 3078 apposuit,
713 3016 789 3078 quae
812 2998 845 3058 in
865 3003 1008 3059 mentem
1023 2998 1214 3062 veniebant?

112 3100 150 3166 Si
164 3107 310 3164 nostrum
320 3096 496 3178 Virgilium
511 3098 593 3159 bene
606 3097 697 3171 novi,
707 3096 824 3159 babuit
835 3095 890 3159 illc
903 3096 991 3159 haud
1007 3098 1123 3176 dubie,
1133 3097 1213 3183 quod

112 3223 189 3268 curn
199 3202 330 3285 judicio
342 3207 376 3263 et
396 3201 513 3263 veteris
528 3201 696 3265 memoriae
714 3207 867 3280 respectu
881 3200 916 3261 in
929 3200 994 3264 boc
1010 3201 1088 3265 loco
1102 3221 1212 3285 seque-

111 3311 216 3368 retur:
248 3304 280 3365 in
302 3302 377 3364 aliis
401 3301 546 3382 quidem,
569 3300 727 3384 quodem
743 3301 916 3364 martene
939 3302 1041 3366 urbes
1059 3309 1164 3382 erant,
1184 3308 1212 3365 et

111 3405 245 3468 navium
261 3403 394 3484 copiam
405 3401 618 3484 suppeditare
633 3408 798 3485 poterant3
821 3401 936 3464 inaliis
947 3403 1130 3467 amicitiam
1143 3421 1210 3469 cum

110 3503 286 3580 Romanis
302 3505 336 3566 iu
351 3503 424 3566 aliis
439 3504 569 3566 fabulas
584 3505 728 3586 priscas,
741 3509 777 3566 ut
797 3504 832 3566 in
848 3502 997 3570 Mantua,
1047 3502 1135 3569 Cere
1146 3505 1211 3590 qui·

111 3605 188 3670 dem
197 3623 325 3668 summo
340 3624 416 3668 curn
428 3605 550 3668 dilectu
564 3607 670 3687 primo
683 3606 760 3668 loco
773 3605 895 3688 posuit,
907 3606 1068 3688 quoniam
1084 3606 1209 3672 Mercu·

110 3709 193 3772 tium
214 3726 322 3787 regem
354 3707 484 3790 pulsum
515 3707 603 3769 bello
633 3706 786 3788 persequi
813 3705 1001 3769 decreverat
1019 3725 1064 3769 ea
1084 3707 1209 3784 civitae,

111 3810 231 3876 castris
254 3809 285 3871 in
308 3808 491 3891 propinquo
513 3809 603 3870 urbis
625 3808 755 3889 positis,
771 3808 893 3888 quibus
907 3806 1033 3871 AEneas
1055 3812 1206 3891 excepta

111 3919 232 3978 cuncta
246 3911 356 3976 statim
370 3909 413 3972 ad
429 3911 661 3993 prosectionem
675 3913 794 3989 parata
807 3909 926 3990 reperit
938 3905 1031 3990 (sup.
1049 3924 1135 3985 rur,
1148 3909 1205 3973 tte

110 4016 230 4080 -494,
252 4015 318 4080 603
333 4016 416 4097 sq.):
439 4012 529 4095 quod
543 4012 607 4075 nisi
622 4015 806 4094 opportune
827 4008 1018 4086 accidisset,
1034 4009 1080 4072 ad
1095 4026 1203 4092 parare

111 4114 175 4179 das
189 4117 307 4202 copias
319 4134 413 4182 more
425 4113 518 4180 facta
531 4116 720 4194 essetque
743 4110 854 4194 poitae
878 4114 981 4175 totam
993 4110 1202 4173 narratore·
