2664 4686
470 312 521 360 )ιι)
544 272 717 365 nnrroos
741 312 814 363 nra.
839 316 879 365 x.
1134 305 1221 370 4359

110 454 180 539 eat.
225 451 326 531 Quod
345 451 527 521 Grauiscas
551 454 747 540 intempestus
770 457 869 536 dixit,
892 458 1167 546 situmrcspexit
1188 466 1223 528 in

110 550 234 619 humili
256 574 298 620 ac
312 554 452 639 palustri
474 557 609 642 planitie
631 558 694 621 sub
710 559 879 623 montibus
894 557 1087 626 Cometauis
1101 582 1123 627 a
1135 564 1224 631 laeva

112 652 241 737 Martae
255 656 415 721 fluminis.
459 657 566 724 Rutil.
591 658 665 722 ltin.
682 676 706 737 1,
720 658 787 724 282
801 658 986 739 Graviscae,
1009 666 1020 694 ‘
1037 660 1134 740 Quas
1148 685 1223 750 pre-

110 756 180 821 mit
192 759 320 824 aestivae
335 777 426 843 saepe
439 760 572 843 paludis
588 757 691 825 odor!
735 758 821 825 Cato
835 763 870 825 in
887 760 1002 846 Origg.
1025 763 1116 846 apud
1130 765 1222 831 Serv.

112 854 163 921 ud
186 858 220 922 h.
235 859 259 923 l.
283 859 392 925 ‘Ideo
414 859 587 925 Graviscae
611 861 711 928 dictae
737 867 823 938 sunt,
844 863 935 946 quod
960 866 1095 947 gravem
1116 865 1224 930 adrem

111 959 279 1024 sustinent
287 958 307 1025 :'
330 961 419 1043 quod
439 962 470 1026 si
490 962 539 1025 ita
552 967 612 1040 est,
630 981 785 1027 nomena
800 962 964 1029 Romanis
983 963 1113 1029 demum
1133 966 1187 1030 vel
1202 985 1226 1030 a

109 1056 245 1135 latinis
259 1063 397 1127 inditum
411 1082 487 1127 csse
501 1063 626 1129 debuit.

159 1160 246 1230 Inde
271 1185 293 1230 a
313 1167 435 1232 1185
460 1163 593 1252 Ligures
619 1165 768 1232 Etruscis
791 1168 931 1233 comites
956 1166 1060 1247 dedit,
1079 1168 1225 1234 vicinum

112 1265 293 1351 populum,
318 1267 453 1350 quicum
479 1268 582 1332 multa
609 1268 698 1331 bella
723 1276 892 1351 gesserant
920 1276 1046 1335 veteres
1071 1268 1224 1336 Etrusci.

113 1384 205 1449 punc
228 1387 308 1433 vero
331 1369 502 1434 addidisse
526 1389 584 1434 eos
599 1369 728 1434 videtur
750 1376 937 1464 propterea,
951 1374 1110 1456 quoniam
1131 1391 1226 1447 orna·

113 1472 190 1535 rom
210 1460 315 1535 dabat
336 1472 474 1536 carmini
497 1492 539 1537 ea
563 1492 656 1554 geos,
674 1474 797 1557 quippe
812 1473 853 1536 do
869 1491 937 1558 qna
953 1481 1078 1540 veteres
1088 1473 1226 1554 sabulae

113 1566 295 1655 politorum
313 1573 515 1637 carminibus
540 1572 737 1665 decantatae,
753 1573 830 1638 olim
845 1574 936 1638 fuere
953 1574 1082 1657 plurcs3
1104 1575 1226 1658 quibus

115 1690 255 1755 msam
270 1671 363 1737 dedit
376 1673 572 1740 Graecorum
595 1676 779 1758 priscorum
799 1673 1042 1762 1111111111
1064 1675 1227 1755 hislocis,

114 1744 199 1842 dum
212 1772 345 1839 Padum
359 1795 386 1839 1
399 1775 611 1841 Eridanum
600 1797 635 1840 ιιι
658 1775 816 1860 Ligurum
830 1777 953 1842 finibus
968 1798 1012 1843 ex
1033 1784 1144 1842 monto
1157 1776 1226 1842 Vc·

113 1872 194 1939 nolo
216 1884 322 1940 ortum
346 1897 510 1941 unacum
536 1878 630 1941 ostiis
651 1884 685 1940 ot
703 1879 851 1955 succino,
867 1883 936 1943 tum
952 1876 1171 1945 Phaetontem
1193 1885 1227 1945 et

114 1972 328 2069 Cygnumad
346 1978 485 2061 Ligures
498 1979 647 2045 retulere.
677 1979 889 2066 Pherecydes
904 1984 1029 2065 primus
1039 1980 1227 2044 fabularum

112 2076 237 2153 harum
261 2086 378 2145 auctor
397 2079 503 2157 fuisse
525 2079 673 2145 videtur:
696 2079 812 2144 saltem
838 2082 867 2144 is
892 2083 1019 2165 primus
1046 2078 1226 2143 Eridanum

113 2180 224 2249 edidit
244 2181 426 2248 secundum
448 2181 621 2266 Hyginmn
634 2181 703 2245 iub·
718 2183 802 2262 1543
824 2183 971 2247 fabulam
987 2183 1028 2247 de
1043 2180 1227 2245 Phaetonte

112 2288 150 2357 et
164 2281 347 2351 Heliadum
361 2284 484 2349 electro
498 2284 595 2367 primi
610 2282 802 2366 AEschylus,
814 2282 1032 2359 Philoxenus,
1045 2278 1226 2360 Nicander,

112 2380 308 2469 Euripides,
318 2384 648 2468 Satyrus,eommenti
657 2401 731 2446 esse
740 2382 935 2447 videbantur
943 2383 1055 2447 Plinio
1066 2396 1226 2460 xxxvrr,

113 2486 181 2563 21
194 2486 249 2566 11,
263 2487 295 2550 l.
341 2484 498 2569 Inprimis
522 2483 659 2566 Tragici
674 2485 708 2548 in
721 2484 773 2549 his
788 2483 912 2548 fabulis
933 2485 999 2548 sibi
1021 2474 1227 2567 placuerant,

111 2586 202 2661 unde
223 2588 285 2654 has
307 2587 439 2653 subulas
461 2590 600 2672 τραγικὴν
626 2578 693 2662 ὕλην
717 2587 866 2672 appellat
889 2586 1007 2672 Polyb.
1032 2603 1074 2665 11,
1100 2586 1227 2664 16,13.

115 2688 183 2757 tuit
201 2690 237 2754 in
261 2690 315 2756 his
329 2708 476 2775 quoque,
492 2689 581 2772 quod
605 2688 726 2775 populi
748 2687 793 2752 ad
815 2687 949 2752 Padum
973 2689 1055 2753 atris
1077 2687 1227 2754 vestibus

113 2789 307 2881 qtobantur:
338 2787 534 2873 μιλανιίμονις
560 2795 671 2855 erant:
706 2788 798 2874 quod
811 2808 832 2854 a
845 2790 938 2854 luctu
960 2793 1094 2874 propter
1120 2786 1228 2854 Phae-

113 2894 218 2965 tontis
243 2913 360 2959 casum
382 2895 417 2958 in
438 2912 563 2959 morem
582 2892 707 2957 abiisse
729 2898 893 2957 narratum
911 2897 990 2955 erat.
1036 2889 1090 2956 De
1110 2891 1229 2955 ceteris

113 2991 187 3075 yid.
202 2992 284 3059 Not.
300 2993 394 3059 adv.
407 2994 473 3059 185
485 3013 536 3076 sq
528 2990 639 3055 ..cons
654 3011 745 3074 sup.
743 2989 882 3055 Excurs.
899 2990 968 3054 rad
982 2989 1040 3054 lib
1051 3006 1120 3053 vn.
1129 2988 1229 3059 Tam·

116 3110 178 3161 ιιι.
228 3096 326 3161 ‚510

161 3115 332 3262 Clldudout
356 3215 473 3280 agmen
486 3196 654 3280 quingenti
675 3189 850 3257 Mantuani
868 3191 953 3257 duce
968 3186 1056 3253 Ocno
1072 3188 1230 3257 1198-

113 3296 468 3387 1111111111
490 3304 524 3363 et
549 3296 686 3363 Mantus
710 3296 826 3373 filium,
847 3291 1022 3358 Mantuam
1037 3276 1230 3359 condidisse

114 3404 153 3475 st
164 3400 279 3464 matris
292 3418 412 3463 nomen
425 3399 524 3462 urbi
514 3400 716 3482 imposuisse
735 3400 913 3481 acceperat
928 3393 1038 3460 Maro.
1083 3391 1230 3458 Mantua

114 3500 279 3584 originem
302 3500 568 3585 antiquissimam
591 3500 695 3565 fuisse
719 3518 855 3564 necesse
877 3504 939 3577 est,
962 3516 1039 3563 com
1062 3493 1166 3583 po'eta
1186 3493 1232 3559 ad

114 3600 193 3683 brec
208 3607 358 3683 tempora
369 3619 444 3665 eam
457 3600 577 3664 referre
591 3619 695 3665 ausus
709 3601 764 3664 sit.
795 3599 796 3602 ’
808 3599 940 3664 Tiberis
962 3598 1051 3662 filius
1064 3617 1131 3662 non
1143 3596 1231 3662 male

97 3688 252 3769 'habitm
270 3698 389 3766 Ocnus:
411 3723 486 3766 cum
502 3703 545 3766 ab
563 3702 713 3767 Etruscis
728 3700 863 3766 condita
876 3700 975 3766 fuerit
993 3699 1136 3765 Mantua
1149 3704 1232 3776 tum,

114 3820 207 3881 oum,
223 3803 279 3881 iis,
293 3805 435 3887 quitum
449 3823 492 3867 ea
505 3805 583 3869 loca
596 3803 796 3879 incolebant,
810 3801 962 3867 barbaris
976 3801 1142 3886 expulsis,
1154 3799 1232 3864 loca

113 3894 437 3993 ultreApenninum
461 3906 511 3970 illi
536 3911 693 3971 tenerent.
739 3902 855 3969 Manto
881 3911 992 3971 autem
1008 3900 1148 3970 Tiresiae
1163 3897 1232 3963 filia

115 4012 226 4083 mater
249 4007 283 4072 ei
311 4008 402 4086 data,
431 4008 613 4075 secundom
640 4008 781 4087 eundem
805 4009 976 4093 vulgarem
1002 4004 1231 4071 Romanorum

116 4127 274 4188 motem,
289 4130 359 4205 quo
376 4110 507 4177 urbium
529 4108 641 4203 Italiae
655 4109 789 4191 nomina
802 4114 835 4175 et
848 4109 990 4192 origines
1003 4125 1025 4171 a
1038 4100 1169 4170 Graecis
1182 4116 1233 4195 re·
