2664 4686
409 300 836 351 mensunusum.
906 296 909 305 ’
1085 290 1174 361 133
1286 305 1289 312 ’

106 444 168 510 lta
180 442 272 529 apud
287 438 447 522 Quintum
457 441 636 509 Calabrum
648 461 722 523 x11,
733 445 907 512 383-409
915 447 989 531 jam
1000 454 1081 530 turn,
1096 472 1172 518 cum

52 546 159 621 hsta
172 548 384 628 percusserat
405 542 538 628 Equum
564 545 736 625 Laocoon,
760 547 911 613 Palladis
929 550 1063 614 numine
1088 558 1173 620 terra

36 646 125 723 ,aab
140 647 215 732 ejus
226 646 369 730 pedibus
384 651 545 726 movetur,
567 648 653 726 unde
674 667 751 712 enm
765 651 935 733 repentino
948 655 1067 716 terrore
1086 659 1170 720 atto·

57 747 168 812 nitnm
180 752 298 832 stupor
312 753 346 812 et
360 745 532 825 ἀναισθησία
545 755 697 833 occupat.
732 750 819 816 Mox
829 738 950 831 tamen,
966 773 1043 818 cum
1054 753 1170 838 Equus

59 866 91 911 v.
110 847 183 912 436
205 852 269 912 etc.
284 849 318 912 in
341 849 456 912 urbem
477 848 664 935 doceretur,
686 851 742 916 ille
759 872 827 918 non
852 853 981 919 desistit
1002 854 1124 920 hortari
1138 863 1172 922 et

29 946 220 1041 ‘obmstari
244 946 423 1031 Trajanos,
445 954 483 1013 nt
504 968 581 1014 enm
609 952 858 1036 comburerent3
892 960 962 1020 tum
987 975 1032 1020 ex
1060 957 1172 1025 insula

59 1044 217 1131 Calydna
245 1046 399 1114 Minerva
427 1050 591 1116 dracones
629 1052 783 1132 advocat,
818 1056 887 1138 qui,
920 1056 1060 1141 dilapsa,
1091 1078 1167 1143 quar

58 1147 186 1226 aderat,
209 1150 315 1228 turba,
335 1169 369 1214 v·
383 1151 560 1218 466-490
583 1153 650 1220 duo
675 1154 877 1222 Laocoontis
897 1158 985 1223 filios
999 1165 1168 1243 correptos

58 1249 156 1315 unalis
180 1249 344 1332 frangunt,
365 1251 488 1319 frustra
501 1254 546 1318 ad
570 1244 698 1338 p'atrem
721 1277 840 1341 manus
872 1260 1048 1338 tendentes,
1072 1258 1168 1346 llarpl

44 1412 47 1417 ,
57 1347 134 1434 φίλῃ
161 1347 292 1437 ὅρι’γοντε
322 1349 370 1428 ὃᾶς
394 1352 502 1441 χέρας·
532 1358 588 1419 οὐδ’
613 1355 641 1432 ὃς
671 1355 783 1440 ἀμύνειν
800 1357 942 1425 Ἔσθενιν.
988 1361 1072 1427 Inde
1101 1362 1168 1429 (luo

59 1451 221 1518 decanea
248 1473 328 1532 non,
349 1461 387 1520 nt
404 1457 496 1541 apud
519 1457 709 1542 Virgilium,
740 1462 775 1526 in
808 1463 970 1530 Minervae
1007 1466 1166 1549 templum

59 1553 92 1617 in
128 1573 207 1619 arce
236 1555 440 1639 confugiunt,
476 1559 536 1624 sed
574 1561 637 1624 sub
672 1566 793 1627 terram
827 1573 1041 1644 evanescunt,
1076 1565 1166 1631 circa

59 1657 217 1739 templmn
231 1656 402 1741 Apollinis
416 1659 451 1723 in
475 1681 551 1726 arce
565 1661 741 1753 Pergamo,
756 1666 816 1729 ubi
830 1667 916 1731 adeo
932 1667 1165 1750 cenotaphium

57 1754 100 1841 iis
113 1757 240 1823 lactum
255 1766 366 1826 narrat
384 1759 437 1846 (in
460 1763 537 1846 ipso
551 1746 674 1847 templi
690 1762 856 1849 Apollinis
870 1766 1060 1850 Thymbraei
1075 1766 1164 1832 filios

58 1857 221 1925 interiisse
245 1861 372 1928 Tantas
394 1870 555 1930 memorat
574 1866 618 1930 ad
642 1866 805 1951 Lycophr.
820 1889 854 1934 v.
879 1869 956 1946 347,
979 1869 1093 1957 nescio
1120 1888 1164 1935 an
1233 1861 1245 1876 ⁸

59 1962 124 2026 alio
136 1963 187 2026 rei
201 1960 360 2047 auctore).
404 1962 451 2031 At
461 1972 553 2049 pater
564 1967 672 2032 oculis
684 1970 823 2051 capitur.
869 1968 1043 2033 Hactenus
1055 1967 1163 2046 Quin-

57 2068 123 2139 tns,
146 2066 216 2147 qui,
239 2084 340 2146 quam
362 2066 514 2133 diversus
536 2069 570 2132 in
592 2069 706 2132 multis
729 2069 785 2147 sit,
808 2070 944 2134 obvium
968 2076 1031 2133 est.
1076 2068 1160 2153 Try·

56 2164 237 2246 phiodorus
261 2166 465 2233 Laocoontis
488 2171 588 2253 plane
616 2171 743 2234 nullam
764 2173 963 2234 mentionem
991 2170 1084 2248 lacit,
1112 2169 1162 2233 uti

55 2284 118 2330 nec
132 2266 254 2350 Dictys
266 2274 300 2331 et
313 2269 432 2334 Dares.
477 2268 525 2334 At
540 2270 700 2351 Hyginus
714 2271 737 2330 s.
762 2270 838 2345 135,
860 2270 1012 2352 proxime
1026 2268 1070 2332 ad
1084 2267 1162 2335 Vir·

54 2367 186 2449 gilium,
216 2374 341 2450 patrem
365 2388 440 2432 cum
463 2369 541 2432 filiis
565 2374 720 2433 necatum
747 2375 867 2433 narrat.
914 2370 1011 2433 Facit
1033 2370 1075 2447 is,
1097 2371 1162 2436 nisi

55 2468 100 2533 ab
123 2468 331 2551 exscriptore
357 2470 410 2533 vel
433 2476 627 2551 excerptore
651 2476 825 2551 corruptus
850 2475 912 2546 est,
935 2467 1161 2535 Laocoontem

54 2567 188 2634 Aooetis
201 2569 318 2649 lilium,
340 2569 499 2643 Anchisae
524 2570 676 2651 fratrem
699 2578 735 2635 at
755 2569 929 2635 Antenoris
944 2570 1047 2634 filium
1062 2573 1162 2639 tradit

56 2668 180 2736 Drama
193 2670 239 2735 ad
254 2671 420 2755 Lycophr.
432 2672 509 2735 347.
547 2668 650 2753 Apud
664 2671 804 2736 eundem
817 2671 990 2755 Hyginum
1002 2671 1161 2740 Laocoon

53 2780 104 2838 est
116 2769 302 2856 Apollinis,
322 2791 389 2836 non
403 2772 566 2856 Ncptuni,
590 2774 757 2849 sacerdos,
780 2780 813 2838 et
829 2780 945 2838 contra
957 2775 1030 2858 cjns
1044 2764 1160 2840 volun·

53 2879 153 2939 tatmn
165 2892 307 2939 uxorem
319 2873 429 2951 duxit,
451 2875 548 2956 cique
562 2873 605 2936 ab
629 2870 784 2956 Apolline
802 2874 966 2939 dracones
982 2876 1160 2942 immittun-

52 2981 125 3057 tur3
146 2995 226 3059 quae
239 2994 304 3039 non
318 2974 495 3038 admodum
516 2975 558 3037 ab
582 2974 626 3036 iis
649 2974 847 3057 discrepant,
871 2994 947 3057 quae
963 2973 1099 3039 Servius
1114 2976 1159 3043 ad

52 3095 85 3140 r.
98 3076 228 3155 salex
243 3076 454 3160 Euphorione
469 3075 571 3138 affert.
618 3073 774 3137 Filiorum
792 3093 923 3156 quoque
948 3072 1088 3137 duorum
1100 3095 1159 3144 no-

51 3178 143 3244 mina
157 3177 250 3262 apud
265 3177 436 3261 Hyginum
451 3179 599 3259 ascripta
613 3181 706 3239 sunt:
729 3173 878 3258 quifilios
896 3173 961 3256 eJ'as
978 3172 1159 3256 Antiphon·

51 3287 156 3344 lsrael
177 3276 391 3363 Thymbraeum
407 3290 561 3341 necarent.
592 3274 639 3345 At
653 3276 742 3360 apud
757 3276 850 3340 Serv.
868 3275 911 3339 ad
931 3275 1158 3341 v.211Thes-

49 3380 194 3449 andrus
211 3378 384 3444 litatorem
397 3388 431 3446 et
456 3377 653 3445 Melanthum
675 3380 861 3448 nominatus
881 3377 994 3445 edidit.
1040 3377 1157 3456 Quint

48 3483 141 3567 ¹qrrcd
168 3489 203 3548 et
216 3482 397 3548 &aeonum
413 3482 549 3545 nomina
563 3487 754 3559 occurrunt3
781 3477 895 3541 Porres
909 3478 1039 3567 quidem
1065 3479 1157 3563 apud

51 3584 218 3672 Lycophr.
236 3602 271 3651 v·
286 3585 363 3662 347,
385 3585 444 3648 ubi
463 3584 604 3649 Tzetzcs
619 3583 752 3647 alterum
773 3579 970 3647 clariacum
985 3583 1113 3648 excitat
1125 3581 1157 3669 (l

52 3685 227 3772 Ilipam—31
248 3683 415 3770 Χαρίβοια),
437 3690 607 3768 utrumque
622 3684 722 3748 etiam
738 3702 782 3746 ex
798 3681 999 3766 Lysimacho
1014 3703 1157 3747 comme·

52 3796 160 3855 norat
175 3788 313 3853 Servius
327 3789 351 3852 l.
367 3808 396 3859 c.
413 3792 456 3863 et,
472 3787 501 3851 si
515 3786 608 3850 alteri
624 3785 730 3848 Servii
757 3786 832 3847 loco
858 3782 901 3845 ad
927 3803 957 3844 v.
984 3785 1050 3848 204
1072 3783 1155 3847 fides

55 3890 215 3966 habunda,
239 3889 373 3953 nomina
395 3908 437 3952 ea
459 3888 530 3972 jam
558 3886 741 3970 Sophocles
768 3889 799 3948 in
824 3883 1016 3950 Laocoonte
1043 3887 1155 3967 protu-

58 3992 145 4062 lerat,
188 3991 361 4058 Dracones
375 3992 543 4074 ingeniose
557 3991 639 4073 satis
667 3983 949 4074 Typdcter'usoboles
973 3985 1154 4068 produntur

64 4092 212 4175 aQniuto
239 4111 273 4162 v.
302 4095 377 4162 44³.
420 4093 477 4160 Ab
497 4092 616 4164 eodem
638 4089 798 4164 dracones
819 4109 841 4155 a
867 4086 1019 4178 Calydna
1044 4102 1153 4157 arcos
