2664 4686
430 331 483 380 sn
505 331 674 383 sunroos
697 332 770 383 ure.
793 331 876 382 vrrr.
1122 316 1215 386 mil-

101 491 224 561 pamm
237 477 416 547 subtilibus
439 498 481 545 ac
504 479 623 556 doctis,
637 485 778 564 accepta
800 480 980 575 propagari
1002 482 1110 546 solent
1131 502 1208 563 usn,

100 585 147 657 et,
161 579 307 657 etiamsi,
331 599 366 643 re
388 579 576 661 diligentius
590 581 774 663 explorata,
788 580 876 645 falsa
899 581 974 656 sint,
998 581 1135 664 antiqim
1158 589 1215 650 a..

100 698 179 747 men
193 681 425 763 superstitione
448 687 506 745 aut
528 701 625 746 vanae
650 682 816 765 opinionis
841 682 1048 759 auctoritate,
1069 685 1209 749 retinen-

101 787 176 847 tur:
197 785 234 847 ut
247 781 372 845 factum
387 782 572 846 videbimus
587 782 622 845 in
636 782 825 864 Tyrrhenis.

114 934 119 941 .
145 880 297 947 Nomina
308 883 412 960 varia,
432 904 507 967 quse
524 883 633 948 Italiae
648 884 726 947 olim
746 883 850 948 indita
870 890 1103 962 memorantur,
1117 889 1207 970 prin·

100 983 193 1066 cipio
218 981 263 1046 ad
287 982 434 1064 singulos
459 989 585 1048 tantum
611 983 751 1048 diversis
785 987 819 1048 in
850 985 1001 1068 partibus
1027 991 1151 1052 tractus
1173 994 1207 1054 et

101 1103 203 1167 agros
216 1089 390 1167 spectasse
406 1086 576 1167 probabile
595 1087 644 1164 fit,
669 1107 755 1171 quos
776 1087 909 1171 quidem
931 1085 1044 1152 Graeci
1064 1089 1205 1171 primum

99 1183 254 1253 ιάἰαῐωιῐ
275 1186 328 1250 vel
348 1187 489 1251 coloniis
512 1188 768 1272 frequentarunt.
820 1188 1001 1255 Commune
1024 1209 1145 1256 nomen
1164 1212 1208 1258 ne

100 1284 401 1371 &yloenassem
416 1307 491 1352 aevo
504 1290 742 1373 frequentatum
757 1292 837 1371 fuit3
868 1311 945 1355 nam
967 1293 997 1356 is
1017 1293 1050 1356 in
1069 1292 1205 1378 Periplo

100 1384 251 1469 Irigmes,
265 1386 463 1472 Tyrrhenos,
478 1389 626 1468 Latinos,
638 1391 796 1469 Volscos,
809 1390 1011 1474 Campanos,
1027 1392 1205 1471 Samnites,

98 1485 269 1565 homos,
285 1487 442 1573 Iapyges‚
453 1489 630 1568 Daunitas,
644 1491 800 1570 Umbros,
810 1493 998 1576 Tyrrhenos
1010 1493 1054 1556 ad
1063 1490 1203 1559 Adriam

99 1595 282 1669 memorat3
314 1590 437 1653 nnllam
452 1589 585 1654 Italiam
609 1592 768 1656 meminit.
826 1588 963 1655 Deuniae
986 1612 1207 1676 nomenque

100 1685 217 1755 Greci
238 1688 361 1774 poete,
374 1695 407 1753 et
431 1709 545 1756 eorum
568 1694 722 1775 exemplo
747 1692 922 1770 Horatius,
945 1698 1047 1758 totam
1071 1693 1206 1759 ltaliam

99 1787 285 1881 desigunnt,
299 1789 402 1873 pocta
414 1796 526 1856 noster
547 1792 648 1856 simili
671 1813 733 1858 usu
755 1814 822 1858 non
843 1796 1138 1876 commemoravit;
1170 1802 1208 1861 at

98 1887 299 1979 bycophron
311 1911 345 1955 v.
360 1892 447 1955 1254
469 1892 614 1956 Romam
628 1893 794 1960 conditam
809 1895 858 1959 ait
879 1894 947 1980 trip
969 1894 1108 1969 Λατίνους
1127 1904 1208 1961 Δαυ-

97 1988 170 2066 vim
183 1992 210 2053 r·
226 1988 393 2072 οἰκημένην.
446 1990 559 2069 Quam
579 1995 724 2059 omnium
744 1996 884 2079 primam
899 1995 1054 2060 adierunt
1067 1996 1205 2081 Pelasgi

97 2098 131 2159 et
152 2090 292 2170 Graeci,
308 2089 413 2155 Italic
436 2091 500 2157 suit
524 2113 581 2155 oro
603 2090 744 2179 inferior.
803 2095 845 2159 In
866 2096 931 2160 hac
957 2114 1092 2179 quoque
1113 2103 1206 2180 porte

99 2192 210 2261 ltalia
222 2212 342 2257 nomen
364 2194 505 2277 primum
529 2193 690 2272 auditum,
713 2202 747 2261 et
768 2195 900 2278 quidem
924 2215 946 2259 a
969 2194 1101 2260 Graecis
1122 2196 1206 2263 illud

97 2294 292 2380 impositum
304 2313 347 2359 ex
362 2313 464 2358 causa
478 2295 624 2375 incerta;
661 2295 768 2360 eidem
784 2297 848 2360 soli
862 2299 980 2362 tractui
994 2318 1053 2381 per
1066 2297 1207 2367 multum

96 2401 231 2480 tempus
256 2414 376 2459 nomen
397 2394 550 2473 adhoesit,
578 2395 682 2460 donec
706 2395 750 2459 ad
772 2397 902 2463 vicinas
936 2397 1021 2462 alias
1053 2398 1205 2482 aliosque

95 2503 201 2563 term
215 2496 423 2580 proferretur.
471 2494 659 2575 (Eurotam,
672 2498 702 2560 si
716 2498 848 2581 proprie
863 2497 969 2576 dicas,
985 2499 1029 2562 ad
1044 2497 1117 2562 sola
1129 2498 1206 2565 loca

95 2599 187 2663 sinin
201 2597 373 2662 Lametico
388 2597 577 2681 adjacentia
590 2617 667 2663 esse
681 2596 913 2675 revocandam,
929 2604 964 2662 et
977 2595 1109 2662 Italiam
1122 2618 1205 2664 mox

95 2701 131 2767 in
143 2698 222 2783 ejus
234 2700 373 2765 nominis
387 2700 497 2763 vicem
511 2700 724 2778 successisse,
744 2700 812 2764 alio
835 2700 911 2763 loco
934 2699 1100 2767 uidimus:
1132 2701 1205 2768 vid.

95 2799 241 2867 Excute.
257 2817 330 2868 xxi
348 2801 461 2865 adlib.
478 2818 513 2882 13
546 2801 631 2866 adde
657 2801 808 2885 Thucyd.
834 2817 885 2878 v1,
907 2801 941 2866 2.
996 2799 1139 2869 Aristot.
1162 2804 1204 2869 de

95 2921 167 2986 rep.
184 2902 321 2981 v11,10.
375 2900 485 2966 Italiae
510 2921 630 2966 nomen
655 2903 762 2966 adhuc
788 2902 831 2966 ab
859 2901 1032 2966 Herodoto
1055 2903 1099 2966 ad
1120 2903 1202 2969 infe·

95 3003 216 3069 riorem
229 3008 357 3086 portem
370 3007 543 3066 revocatur
556 3021 565 3081 ;
594 3001 721 3083 reliqua
734 3000 1025 3091 pert‘lprrheniam
1038 3001 1204 3084 declaran-

95 3103 236 3189 tm(lib.
252 3120 278 3181 1,
294 3101 384 3186 167),
408 3123 510 3186 quam
532 3108 630 3166 antea
654 3100 771 3166 Umbri
794 3101 950 3165 tenebant
972 3104 1012 3178 (ι,
1027 3100 1095 3178 98).
1153 3101 1204 3171 At

95 3205 295 3273 Aristoteles
316 3204 408 3291 (eod.
423 3225 453 3269 c.
470 3205 523 3282 10,
539 3204 597 3268 lib.
614 3220 680 3281 vrr,
706 3224 740 3286 p.
756 3202 821 3266 584
836 3197 878 3284 s)
899 3202 998 3283 τὸμὲν
1012 3201 1079 3286 πρὸς
1097 3207 1203 3289 luppe-

95 3304 156 3371 alar
178 3311 212 3372 et
233 3307 266 3370 τὸ
290 3305 356 3391 πρὸς
377 3307 426 3382 τὴν
439 3300 591 3388 Ἰαπυγίαν
614 3304 662 3366 καὶ
685 3304 732 3366 τὸν
757 3301 849 3366 Ἰόνιον
876 3323 952 3367 cum
968 3302 1126 3366 OEnotria
1141 3322 1202 3370 seu

95 3407 200 3475 Italia
211 3407 345 3491 proprie
359 3406 461 3484 dicta,
486 3411 644 3488 tunquam
666 3412 776 3489 partes
799 3403 980 3481 constituit,
1002 3405 1037 3467 in
1059 3423 1201 3486 quarum

94 3510 205 3594 peiore
218 3506 373 3575 Ausones
386 3527 447 3571 seu
461 3507 603 3591 opicus,
627 3507 663 3570 in
687 3507 790 3572 altem
803 3505 945 3589 Chones,
961 3506 1020 3589 qni
1035 3525 1079 3570 ex
1092 3504 1202 3590 OEno·

94 3611 167 3675 niis
180 3611 312 3676 oriundi
326 3612 404 3675 loca
419 3611 511 3676 circa
524 3610 614 3674 Sirin
627 3613 840 3691 occuparant,
855 3609 890 3673 in
913 3614 1080 3693 postrema
1094 3606 1201 3674 OEno·

94 3717 165 3779 tros
178 3713 334 3777 collocat.
387 3711 550 3795 Scymnus
567 3700 683 3786 Chius,
700 3711 757 3792 qui
772 3710 835 3774 sub
850 3707 964 3773 Attalo
989 3727 1018 3772 11
1044 3709 1140 3785 vixit,
1163 3708 1201 3771 in

94 3813 264 3896 Periegesi
278 3833 350 3889 sua,
370 3813 570 3896 antiquiores
585 3812 699 3894 potius
723 3830 825 3893 quarn
848 3811 900 3874 sui
925 3812 1083 3894 temporis
1103 3809 1201 3873 ratio·

94 3934 169 3983 nem
183 3920 329 3992 meatus,
351 3920 430 3997 post
453 3913 603 3996 Ligures,
618 3911 780 3994 Pelasgos
803 3930 880 3975 cum
901 3909 1093 3994 Tyrrhenis,
1118 3906 1200 3971 Um-

94 4019 185 4095 oros,
206 4015 374 4092 Ausones,
403 4014 581 4092 Samnites,
605 4013 774 4089 Lucanos,
797 4010 1000 4095 Campanos,
1026 4008 1201 4072 OEnotrios

95 4123 289 4188 enumerat:
326 4117 392 4183 218
420 4135 473 4201 sq.
518 4115 672 4207 ,Omnem
700 4113 831 4180 Italiam
857 4112 1000 4177 mediam
1031 4114 1089 4174 aut
1109 4127 1202 4175 oram
