2664 4686
451 122 503 170 nn
524 120 697 173 mutuos
732 120 806 173 urs.
828 124 895 172 vu.
1143 102 1233 179 tere

108 266 180 335 rin
209 264 384 331 edmero·
398 269 629 349 properantem
656 265 799 329 cultores
825 266 1042 347 designarent,
1070 270 1230 353 unquam

107 365 465 453 ebrigimrespectu
475 366 519 430 ad
531 368 677 431 advenas
691 368 815 445 hobia,
825 370 882 453 qui
897 370 1051 453 deinceps
1065 372 1098 434 in
1112 372 1231 437 eadem

109 470 199 536 toea
229 469 464 535 confluxerant.
520 467 730 531 Oblituerunt
759 469 910 551 postbaec
941 468 1140 551 Aborigines
1167 472 1230 536 suh

115 573 322 641 Latinorum
345 573 486 647 nomine,
502 570 593 653 quod
617 571 780 653 principio
803 580 931 653 partem
955 578 1081 636 tantum
1101 575 1231 657 populi,

114 675 182 758 qui
207 676 272 738 suh
294 694 372 756 rege
386 680 468 750 erat,
484 673 688 753 designasse,
704 693 777 751 nec,
800 675 865 737 nisi
891 673 1095 738 Albanorum
1117 695 1233 758 regum

115 777 349 851 crescentibus
363 775 495 858 opihuS,
510 775 611 837 latius
626 782 737 856 patere
751 777 895 858 coepisse
909 776 1047 842 videtur.
1069 775 1234 860 Virgilius

116 881 247 953 umen,
261 883 298 941 ut
311 875 422 959 poeta,
444 876 518 958 jam
534 875 651 939 AEneae
666 881 812 959 tempore
832 876 964 941 Latium
978 885 1012 943 et
1032 877 1173 942 Latinos
1187 897 1233 943 ex

119 979 331 1060 sequentium
345 985 528 1061 temporum
542 976 729 1052 conditione
744 981 907 1043 aesbmare
920 981 1037 1062 potuit.

168 1076 404 1162 Antiquarum
428 1082 610 1154 erectorum,
626 1096 710 1161 quos
737 1079 920 1163 Dionysius
952 1081 1143 1164 exscripsit,
1166 1078 1236 1145 fide

123 1184 269 1257 ponunt,
285 1179 496 1264 Aboriginum
510 1181 721 1244 memorien
733 1180 1129 1266 nominisprimuvertigin
1144 1182 1236 1249 circa

124 1279 248 1360 Reate,
257 1282 345 1346 ultra
358 1280 514 1345 Velinum
526 1281 637 1345 lacum
648 1287 680 1345 et
693 1282 839 1360 fluvium,
855 1285 889 1347 in
903 1283 1037 1348 Umbris
1050 1304 1234 1349 occurrere.

124 1380 180 1449 Ex
192 1383 248 1449 his
260 1384 346 1447 locis
358 1401 475 1448 versus
488 1396 579 1446 mare
605 1384 717 1448 vicina
725 1405 869 1468 quaeque
883 1385 1041 1467 deinceps
1055 1392 1237 1467 tenuerant,

125 1491 160 1551 et
182 1484 219 1549 in
240 1485 360 1549 iisdem
382 1485 467 1549 locis
489 1485 584 1568 plura
609 1485 687 1551 loca
707 1506 820 1550 eorum
843 1488 1036 1552 memoriam
1059 1486 1238 1555 servabant

126 1585 284 1670 Dionysii
305 1585 415 1649 adhuc
441 1590 599 1668 tempore,
624 1606 722 1669 quem
746 1586 823 1650 vide
846 1588 906 1651 lih.
931 1604 956 1664 1,
981 1608 1012 1653 c.
1036 1588 1177 1655 14—17.
1190 1578 1239 1657 18

125 1706 206 1767 eum
229 1686 507 1752 illustrationibus
532 1688 692 1765 locorum,
716 1707 802 1772 quas
826 1688 917 1753 dedit
940 1689 1013 1774 Cap
1039 1689 1165 1756 Martia
1192 1690 1239 1757 de

126 1785 269 1871 Chaupy
282 1787 333 1873 (in
359 1788 568 1852 Decouverte
592 1788 633 1851 de
655 1788 689 1852 la
712 1788 849 1853 Maisan
870 1789 1041 1856 d’Horace
1059 1791 1159 1856 Tem.
1177 1806 1236 1871 111,

125 1908 162 1973 p.
178 1888 246 1952 112
258 1885 360 1972 sqq.).
397 1886 446 1951 Ut
458 1888 543 1952 adeo
557 1886 775 1970 Aboriginum
787 1909 906 1954 nomen
920 1891 963 1954 ad
977 1911 1079 1957 unum
1091 1893 1240 1976 aliquem

126 1988 307 2054 neu-valde
320 1993 488 2071 potentem
502 1996 560 2053 aut
578 1989 645 2053 late
662 1989 865 2054 habitantem
889 1993 1051 2075 populum
1065 1997 1237 2075 specum

127 2106 267 2154 necesse
281 2091 337 2154 sit.
771 2138 778 2147 .

173 2189 309 2257 Maure
322 2212 401 2256 cum
413 2192 565 2256 barbaris
589 2191 656 2256 illis
677 2192 865 2274 promiscue
884 2194 1070 2259 habitarunt
1085 2194 1238 2279 Pelasgi;

128 2296 283 2358 terrama
296 2296 429 2378 populis
452 2313 512 2376 per
534 2292 727 2357 solitudines
747 2295 929 2359 emanbbus
950 2295 1036 2359 male
1056 2296 1240 2362 habitatam
1320 2372 1323 2377 ¹

129 2393 230 2461 facile
255 2403 459 2479 occuparunt
484 2396 635 2474 advenae,
655 2403 692 2460 ut
713 2396 836 2460 nostris
860 2397 1015 2462 aetatihus
1034 2396 1238 2467 Amerinam.

131 2492 265 2583 Pelasgi
279 2517 348 2580 qua
370 2498 498 2578 origine
513 2498 809 2574 suerint-nondum
824 2498 1003 2582 quicquam
1025 2501 1107 2564 satis
1121 2500 1241 2584 explo-

129 2599 194 2679 rati
216 2599 336 2663 haheo.
382 2598 436 2661 Ex
451 2597 603 2664 Thraciae
620 2598 753 2682 quidem
778 2599 861 2663 locis
876 2618 935 2663 eos
950 2601 984 2662 in
998 2599 1169 2664 Graeciam
1182 2598 1243 2679 dp·

130 2699 299 2764 soffldisse
313 2701 395 2763 satis
415 2701 542 2782 liquet;
564 2701 668 2780 liquet
686 2700 788 2763 etiam
802 2700 880 2763 hoc:
905 2720 927 2765 a
947 2699 1167 2769 Phoenicibus
1181 2718 1242 2767 eos

131 2799 288 2865 hahuisse
302 2801 446 2880 litteras3
468 2800 556 2864 uude
570 2805 679 2863 tamen
695 2818 867 2881 perperam
882 2802 1054 2882 colligitur,
1067 2821 1127 2865 eos
1139 2794 1271 2869 Phoest

130 2901 221 2967 nicia
232 2902 357 2985 origine
374 2907 408 2964 et
422 2901 516 2986 ipsos
531 2900 651 2964 fuisse:
672 2899 736 2962 hoc
759 2899 843 2961 inter
864 2900 1007 2963 certiore
1027 2902 1145 2978 refero,
1159 2898 1243 2966 anua

132 3003 295 3086 quissimo
314 3004 389 3086 jam
411 3008 559 3084 tempore
585 2999 746 3081 Pelasgos
774 3018 851 3062 cum
875 2995 1112 3081 Aboriginibus
1139 2999 1244 3066 fuisse

133 3104 337 3187 permixtos:
370 3104 404 3168 id
426 3104 516 3186 quod
544 3102 744 3185 Dionysium
770 3101 924 3179 adduxit,
949 3121 1026 3166 cum
1048 3102 1244 3184 insigniores

134 3201 217 3268 inter
241 3205 416 3270 Romanos
440 3206 619 3287 scriptores
646 3202 820 3282 Catonem,
845 3202 1077 3286 Sempronium
1101 3209 1135 3266 et
1159 3203 1245 3268 ahos

105 3344 121 3364 2
136 3303 326 3371 Romanam
352 3306 510 3388 originem
530 3305 573 3367 ad
600 3303 741 3369 Graecos
762 3303 879 3369 referre
900 3303 1096 3387 sidereum
1109 3305 1244 3370 omuino

136 3404 339 3489 Aborigines
361 3408 470 3471 nullos
499 3408 584 3471 elios
610 3407 653 3470 ab
674 3396 804 3488 'origine
828 3425 930 3489 quam
957 3406 1118 3487 Pelasgos
1141 3405 1247 3471 titisse

137 3508 359 3586 arbitraretur,
372 3509 461 3591 quod
477 3506 648 3572 Cluverius
662 3513 695 3572 et
709 3508 858 3590 plerique
869 3526 888 3570 e
900 3509 1022 3570 nostris
1034 3507 1142 3572 secuti
1156 3511 1244 3573 sunt.

137 3606 262 3673 Verum
279 3609 466 3694 Dionysius
479 3628 549 3694 rem
563 3609 637 3691 ipse
657 3609 704 3672 ita
727 3607 837 3684 tradit,
852 3614 901 3685 ut,
915 3607 993 3692 qued
1005 3628 1050 3671 ex
1059 3609 1117 3685 iis,
1132 3627 1209 3693 quan
1223 3627 1247 3672 a

138 3725 176 3774 se
208 3716 345 3775 narrata
366 3718 469 3789 erant,
497 3710 541 3774 ad
569 3709 793 3774 Romanunm
826 3709 999 3792 opiniones
1028 3708 1244 3790 comparetis,

139 3821 298 3895 nequem,
312 3831 390 3891 non,
402 3811 485 3898 quid
498 3831 611 3878 verum
622 3817 657 3878 et
668 3811 879 3894 exploratum
893 3811 948 3891 sit,
962 3826 1129 3894 exponere
1143 3806 1247 3875 videri

139 3911 228 3978 velit.
