2664 4686
606 326 804 376 nxcuusus
827 308 878 373 a*

196 476 285 541 chire
298 473 474 540 incoluisse
497 472 555 537 lib.
575 489 614 551 11,
627 473 692 537 299
707 470 909 536 audirimus.
954 468 1007 534 Eo
1022 474 1143 534 tamon
1164 468 1282 535 noum
1321 458 1327 523 l

197 579 260 645 sub
274 577 352 640 belli
361 574 499 659 'l'rojani
508 580 639 658 tempus
648 573 820 638 devenisse
835 573 1004 656 putandus
1012 578 1089 636 est:
1115 567 1282 634 Derdam
1322 582 1327 617 ⁴

195 681 309 744 urbem
323 677 379 741 ille
392 677 525 741 tenebat
536 676 625 741 haud
648 675 745 757 longe
760 676 804 741 ab
828 674 894 738 Ilio
908 672 1091 754 dissitam3
1116 672 1283 738 Dardania

195 784 328 866 quoqne
352 779 550 843 adduxerat:
574 777 672 842 Iliad.
700 785 739 857 Β,
763 778 839 842 819.
868 775 912 841 cs.
935 795 1012 860 sup.
1032 775 1125 841 Exn.
1152 773 1284 839 xvnai
1323 781 1327 824 ¹

194 882 253 946 lib.
270 900 309 944 11.

239 983 378 1049 Natales
393 988 501 1049 tamen
515 985 586 1069 ejus
600 983 644 1046 ad
657 988 801 1046 montem
812 979 922 1059 Idam,
936 979 997 1064 qni
1008 978 1284 1071 imminebaturld,
1325 981 1327 1023 ¹

194 1086 390 1166 resemnhr13
413 1087 537 1169 quippe
563 1083 728 1148 Anchises
743 1102 765 1145 a
785 1070 918 1145 Venere
942 1081 978 1144 in
992 1087 1113 1144 monte
1134 1078 1210 1157 Ida,
1228 1096 1285 1144 m

194 1191 341 1251 armenta
354 1192 516 1271 pasceret,
531 1191 660 1251 amatus
685 1190 753 1249 est:
775 1190 812 1248 ut
832 1183 886 1247 vol
906 1202 950 1247 ex
965 1181 1068 1245 Iliad.
1097 1187 1139 1260 B,
1161 1181 1285 1247 8211»

193 1287 343 1353 mineris:
365 1296 456 1353 etex
472 1286 612 1351 Hesiod.
630 1294 666 1349 Θ.
689 1284 918 1361 loun-1009,
932 1283 1109 1366 multoque
1130 1282 1235 1365 magis
1252 1299 1285 1345 ex
1325 1288 1327 1319 l

194 1387 330 1474 Hymuo
356 1389 556 1454 Homerico:
578 1389 643 1452 nisi
658 1387 814 1452 carminis
835 1384 947 1468 potius
971 1383 1064 1467 epici
1086 1382 1285 1466 nagnam

193 1489 276 1555 illud
291 1496 352 1569 est,
376 1511 417 1555 ea
429 1496 535 1575 parte,
551 1511 620 1575 qua
643 1489 768 1567 deficit,
782 1489 895 1573 hymni
913 1486 1071 1552 clausula
1085 1485 1285 1569 suppletum¹

193 1592 299 1659 Addit
322 1593 432 1672 Maro,
448 1592 491 1658 ad
516 1593 717 1658 Simointem
741 1593 884 1675 genitum
899 1610 973 1654 esse
985 1588 1160 1653 AEneamz
1182 1588 1254 1652 AEn
1265 1602 1285 1663 l,

186 1695 258 1759 >621
282 1694 400 1759 ‘Tune
428 1695 484 1759 ille
512 1695 648 1772 AEneas,
672 1713 773 1777 quem
802 1692 974 1756 Dardanio
1003 1688 1173 1755 Anchisae
1202 1687 1286 1753 him

192 1791 308 1856 Venus
323 1792 458 1876 Phrygii
474 1797 586 1875 genuit
601 1793 780 1858 Simoiintis
796 1793 838 1856 ad
852 1790 1010 1857 undaml’

235 1889 403 1955 Nutritum
418 1893 560 1957 AEneam
574 1913 595 1956 a
610 1892 790 1977 Nymphis,
806 1893 986 1977 etquidem
997 1893 1209 1978 Dryadibus,
1221 1908 1286 1956 sna·

107 2069 109 2071 ¹
189 1991 271 2057 viter
283 1999 450 2057 narratum
473 1998 523 2057 est
547 1994 582 2057 in
596 1994 715 2058 eodem
739 1995 877 2079 Hymno
893 1994 959 2059 258
984 2013 1062 2078 sqq.
1111 1992 1284 2075 Educatur

184 2112 270 2159 mox
285 2094 319 2157 in
340 2092 496 2159 Alcathoi
511 2094 622 2173 domo,
639 2097 696 2178 qui
710 2095 783 2179 ejus
799 2115 946 2161 sororem
960 2097 1177 2162 matrimonio
1199 2095 1286 2161 hahe-

184 2194 259 2273 bat,
273 2194 374 2260 docet
399 2195 565 2261 Homerus
579 2197 677 2261 Iliad.
691 2205 731 2275 N,
746 2198 822 2262 465.
837 2198 912 2263 466.
957 2196 1038 2260 Fuit
1050 2197 1113 2262 illa
1126 2196 1286 2282 Hippoda-

191 2297 269 2375 mia,
284 2317 415 2381 quame
439 2298 586 2380 legitima
598 2301 738 2384 conjuge
765 2297 925 2382 Eriopide
954 2304 1153 2382 susceperat
1177 2298 1286 2365 ΛΜΗ·

190 2415 264 2476 ses3
288 2399 434 2463 tradente
460 2399 636 2464 Eustathio
660 2400 704 2464 ad
725 2420 757 2463 e.
772 2399 804 2466 1..
829 2398 942 2483 “Apud
968 2398 1234 2482 Xenophontem
1252 2397 1286 2462 de

190 2495 312 2564 Venat.
326 2520 375 2582 pr.
389 2501 546 2565 intereos
560 2507 768 2579 memoratur,
784 2501 841 2584 qui
856 2520 878 2563 a
893 2498 1037 2564 Chirone
1052 2501 1186 2565 enutriti
1199 2501 1285 2576 fuce,

183 2597 343 2680 figmento
357 2601 567 2663 historiarum
578 2602 698 2664 rationi
713 2601 917 2665 adversante.

232 2697 336 2763 Pavit
362 2706 473 2763 tamen
503 2702 641 2778 AEneae,
664 2723 756 2766 more
785 2703 908 2784 priscae
935 2703 1059 2780 auus,
1089 2703 1285 2770 armentain

188 2802 301 2860 monte
330 2797 413 2877 lda3
435 2805 468 2862 et
492 2799 625 2882 quidem
651 2803 714 2864 sub
740 2804 853 2884 ipsum
878 2809 1007 2887 tempus
1031 2804 1112 2869 belli
1138 2804 1284 2891 Trojani3

187 2916 264 2962 nam
275 2917 456 2982 oppressus
470 2901 525 2965 ille
540 2903 573 2964 in
588 2901 765 2967 solitudine
775 2905 819 2967 ab
830 2903 959 2968 Achille
972 2906 1032 2969 vix
1048 2905 1131 2988 fuga
1138 2906 1204 2970 sibi
1218 2924 1284 2972 eon·

180 2998 353 3082 suluerat3
376 3021 517 3085 cumque
543 3001 744 3085 Lymessum
768 3004 980 3087 confugisset,
1004 3003 1141 3071 Achille
1165 3008 1209 3072 ad
1222 3026 1283 3073 eam

185 3102 301 3166 urbem
315 3103 568 3188 oppugnandam
582 3103 767 3184 advolante,
781 3105 913 3188 fugatus
926 3113 960 3171 et
985 3106 1063 3171 inde
1083 3114 1136 3173 est
1151 3111 1280 3175 filos:

188 3200 288 3266 Iliad.
316 3212 347 3279 r,
371 3205 513 3270 90-96.
547 3206 728 3271 187-194.
773 3207 891 3273 Latius
908 3209 983 3273 haec
1009 3218 1206 3292 persecutus
1222 3213 1280 3276 unt

187 3309 302 3367 auctor
316 3303 530 3387 Cypriomm:
552 3309 586 3369 in
601 3309 699 3392 cujus
714 3316 903 3392 argumento
917 3310 1006 3394 apud
1017 3309 1198 3377 Pmolum'
1215 3311 1277 3377 lec

185 3402 363 3468 habentur:
392 3401 515 3489 κᾷπειτα
542 3408 690 3473 ἐπελαύνει
729 3409 911 3497 (Achilles)
938 3414 991 3486 τὰς
1016 3411 1125 3478 ΑΙνείου
1137 3413 1216 3494 βόας
1236 3412 1274 3476 καὶ

160 3518 165 3527 ·
185 3501 347 3588 Λύςνησσον
367 3507 415 3569 καὶ
431 3507 560 3584 Πήδασον
573 3511 706 3598 πορθεῖ-

230 3604 323 3672 Idem
338 3613 446 3678 tamen
460 3612 585 3680 AEneas
601 3613 673 3698 jam
687 3620 785 3680 antea
808 3615 923 3682 Paridi
938 3636 1051 3682 comes
1067 3616 1271 3703 navigationis

680 3815 795 3868 NOTAE.

218 3937 226 3968 ¹
246 3936 333 3986 Docte
342 3935 376 3985 de
388 3949 419 3985 eo
434 3951 518 4001 nuper
532 3939 596 4004 egit,
607 3941 713 4006 ejusque
755 3944 801 3994 rel.
814 3959 874 4009 pag.
886 3950 929 3996 dl).

184 4027 243 4063 eum
252 4019 432 4077 argumentum
451 4015 588 4065 constituit
600 4023 655 4066 tum
676 4015 714 4065 sa·
785 4018 798 4045 ²
816 4018 847 4068 lu
864 4022 1012 4073 Bibliothelr
1029 4024 1076 4075 der
1086 4025 1159 4076 alten
1175 4021 1265 4074 niten-

184 4087 270 4136 bnlam
292 4088 433 4139 illustravit
459 4089 604 4142 Groddeck
624 4098 713 4142 noster
754 4099 796 4143 tur
807 4096 901 4147 1de
912 4112 972 4163 pag.
983 4102 1025 4151 26.

183 4159 211 4211 in
235 4163 408 4218 Commentat.
434 4163 468 4219 de
487 4163 593 4218 Homer.
614 4167 712 4233 Hyan.
