2664 4686
132 283 222 351 428⁰
539 299 741 352 exeussus
761 300 815 353 ιν.

177 447 393 528 Pelaswmm
416 450 483 509 tres
506 446 716 528 potissimum
739 447 844 511 subse
865 449 901 512 br
923 448 1063 516 Italiam
1083 452 1240 523 deductu

133 548 434 617 ooloniasnarrant
461 544 652 628 vrrlgofere
678 551 1239 627 omnes3unamabOEuolroex

133 650 294 726 Arcadiae
323 663 408 712 xv11
433 648 589 712 aetatibus
613 654 689 713 ante
708 649 832 714 bellum
850 651 1047 738 Trojanum,
1064 656 1241 725 ultuma

133 751 322 828 'lbessalia,
350 750 578 815 Deucalioneo
605 770 693 829 arvo,
721 759 754 816 et
781 756 910 818 tertiam
931 756 977 819 ab
1001 755 1167 824 Evandro
1191 768 1238 827 nx

133 854 229 919 annis
252 858 326 916 ante
349 853 383 914 b.
408 850 516 935 Troj,
541 859 577 917 ut
599 853 697 917 facile
720 854 896 936 intelligas,
920 874 986 921 non
1008 860 1076 923 nisi
1101 862 1240 928 aerim·

132 955 393 1038 chronographis
418 973 462 1018 ex
486 957 689 1039 conjectura,
713 958 896 1021 seeundum
922 977 1029 1023 rerum
1052 967 1087 1024 et
1109 967 1238 1028 sumbus

133 1058 416 1142 amputationem
430 1055 647 1134 subtiliorem,
661 1057 736 1120 baec
750 1074 825 1120 esse
839 1060 1031 1125 constituta.
1068 1059 1239 1147 Antiquis-

133 1159 239 1223 simus
267 1157 323 1222 ille
350 1154 485 1220 OEuotri
513 1164 549 1221 et
577 1156 728 1221 Penoetii
750 1158 795 1221 ad
818 1158 952 1224 Italiam
975 1180 1139 1228 accessus
1163 1164 1241 1231 satis

133 1259 256 1324 diserte
268 1277 291 1322 a
304 1257 469 1341 Dionysio
483 1257 664 1340 exponitur
676 1257 736 1321 lib.
752 1275 778 1336 1,
794 1278 826 1324 o.
841 1260 883 1324 11
899 1280 975 1346 sqq.
1020 1263 1079 1327 De
1095 1261 1238 1330 Panaetio

134 1379 170 1426 v.
184 1359 242 1423 ini.
258 1358 399 1423 Excurs
414 1375 484 1422 vin
501 1359 545 1422 ad
558 1379 592 1423 v.
606 1359 683 1424 oel.
728 1359 931 1425 consedisse
942 1362 1067 1428 dicitur
1080 1362 1237 1432 Quum

132 1480 209 1528 cum
223 1461 296 1524 suis
308 1461 343 1523 in
356 1462 432 1524 sinu
448 1459 621 1523 hmetino
636 1478 698 1522 seu
712 1459 919 1544 Hippouiate
940 1461 1108 1528 interioris
1122 1464 1237 1545 Iulias,

132 1582 202 1648 qua
215 1561 418 1627 Bruttiomm
441 1559 621 1644 aliquando
645 1579 722 1642 ager
746 1562 871 1645 patuit;
893 1568 929 1627 et
941 1563 1087 1645 primum
1107 1564 1240 1649 quidm

131 1664 218 1729 intra
241 1663 448 1727 lametinum
473 1670 507 1728 et
528 1661 742 1745 Scylleticum
765 1681 828 1726 seu
851 1662 1051 1747 Scylaoeum
1073 1666 1185 1730 sium
1203 1684 1240 1733 se

132 1766 373 1841 nuntiauerant,
393 1764 471 1828 hinc
496 1763 540 1827 ad
566 1762 673 1827 laum
692 1783 799 1847 usque
812 1764 847 1830 fl.
860 1771 895 1830 et
906 1765 1158 1849 Metapontum,
1171 1776 1242 1835 tan·

131 1864 207 1931 dam
220 1866 265 1930 ad
278 1863 421 1929 Silarum
432 1872 466 1929 et
480 1864 670 1929 Bradanum
680 1865 763 1929 fines
773 1866 904 1931 sedium
913 1867 1148 1950 extenderunt3
1162 1888 1240 1937 mox

130 1966 825 2051 umbaeosipsosfinesprogressisunu
843 1969 1240 2055 utialteraparteagrum

75 2070 77 2074 ”
131 2068 343 2147 obsedmunt,
363 2070 422 2152 qui
442 2069 642 2133 Bruttiorum
663 2076 785 2152 postea
809 2070 920 2135 dictus
943 2077 1003 2136 est.
1049 2069 1149 2137 Cous.
1163 2092 1239 2157 qun

131 2190 178 2237 ex
191 2169 360 2236 Antiocho
374 2169 531 2254 Syracus.
544 2180 676 2234 narrant
695 2168 815 2234 Strabo
832 2186 882 2248 v1,
903 2190 938 2254 p
952 2172 1028 2236 aot
1050 2172 1120 2237 255
1131 2179 1165 2239 et
1177 2173 1242 2239 28⁴

131 2272 156 2336 s.
172 2272 315 2357 Dionys.
332 2291 358 2352 1,
371 2273 427 2351 35,
441 2290 469 2336 11
496 2293 546 2355 pr
562 2269 815 2337 tristoul’olit.
839 2270 1243 2351 vrr,10,ubietcloaa

131 2394 176 2440 ex
197 2373 362 2440 OEnotriis
382 2375 485 2439 luisse
508 2379 694 2439 narrantur:
738 2391 828 2450 uam,
851 2373 942 2457 quod
969 2375 1153 2441 etiamnum
1181 2396 1239 2461 per

131 2473 300 2542 Americae
326 2474 522 2540 solitudines
547 2475 678 2538 evenire
702 2473 865 2553 videmus,
886 2495 931 2540 ex
953 2480 1124 2543 communi
1138 2478 1241 2562 stirpe

132 2576 283 2644 oriundae
296 2578 412 2653 tribus,
426 2575 512 2640 locis
527 2594 569 2639 ac
583 2574 721 2639 sedibus
741 2574 880 2654 dissitae,
894 2597 982 2642 novo
1000 2580 1135 2644 nomine
1158 2578 1243 2644 eele-

131 2680 221 2743 brari
234 2677 351 2741 solent.
384 2676 512 2741 Versus
526 2676 702 2760 Iapygiam
717 2684 751 2743 et
760 2678 804 2741 ad
820 2677 950 2743 Ionium
962 2678 1058 2744 Mare
1071 2680 1242 2746 habitasse

132 2777 266 2844 Chones
279 2780 329 2853 riv
343 2775 515 2857 καλουμένην
529 2776 610 2864 tipo
632 2779 830 2846 Aristoteles
844 2782 893 2845 ait
906 2780 930 2846 1.
945 2801 976 2846 c.
992 2782 1036 2848 cf.
1052 2802 1129 2868 sup.
1153 2782 1239 2847 Eue.

133 2894 209 2947 xxi
225 2878 270 2945 ad
287 2879 347 2945 lib.
365 2896 390 2944 1.
436 2878 530 2944 Male
551 2899 597 2943 ex
619 2887 772 2962 corrupto
795 2879 956 2964 Stephani
977 2882 1055 2946 loeo
1069 2883 1105 2947 in
1118 2881 1242 2970 Βᾴπος

107 2962 283 3050 ’“·Βωῐὶίοε
296 2983 421 3066 primes
435 2988 468 3046 et
483 2986 557 3045 aute
567 2980 739 3046 OEnotrios
753 2982 881 3047 incolas
895 2982 1069 3049 venditant
1079 2984 1242 3063 nonnulli,

131 3090 170 3151 ut
180 3104 287 3169 nuper
303 3081 479 3161 Grimaldi,
495 3084 545 3147 vir
559 3089 667 3147 cetera
680 3100 785 3165 sagax
799 3081 851 3167 (in
864 3081 988 3147 Annali
1001 3083 1056 3147 del
1074 3083 1194 3168 Regno
1205 3084 1244 3149 dt-

132 3184 321 3273 NapoliT
338 3205 362 3264 1,
384 3186 509 3270 p..131
535 3185 597 3250 138
618 3181 698 3269 sq..)
743 3183 884 3268 Proprie
904 3186 1036 3249 nomine
1051 3185 1241 3255 (Phania

132 3291 316 3374 appellavit
330 3290 407 3352 loca
420 3288 513 3352 cirea
526 3286 686 3351 AEsarum
699 3293 734 3350 et
747 3284 922 3350 Crimisam
924 3304 1022 3368 ,quae
1038 3287 1241 3354 Philoctetes

131 3391 257 3455 adiisse
269 3389 380 3454 dictus
393 3394 454 3467 est,
471 3388 668 3472 Lycophron
681 3409 716 3453 v.
731 3390 807 3454 911.
823 3389 900 3454 912.

176 3489 325 3570 Quando
344 3495 377 3557 et
391 3491 557 3574 quomodo
581 3491 718 3574 Pelasgi
732 3512 777 3556 ex
790 3493 843 3556 his
863 3490 950 3573 loeis
972 3490 1017 3553 ad
1042 3487 1239 3574 Aborigines

132 3592 208 3658 illos
221 3593 257 3657 iu
272 3590 409 3658 Umbris
423 3592 563 3657 finitima
577 3613 720 3677 quaeque
740 3593 930 3657 infestantes
946 3593 1166 3675 pervenerint,
1181 3610 1240 3657 neu

131 3695 204 3779 ipse
220 3693 403 3778 Dionysius
425 3695 535 3773 habet,
551 3696 642 3779 quod
665 3693 788 3771 afferat,
813 3713 874 3757 nec
897 3711 951 3757 res
976 3712 1038 3776 per
1051 3712 1090 3758 se
1105 3695 1191 3759 satis
1204 3693 1240 3758 lit

131 3796 330 3881 probabilis.
373 3797 552 3878 Quomodo
566 3798 654 3862 enim
677 3797 720 3860 ad
745 3797 902 3861 ulteriora
922 3813 1098 3878 progressa
1118 3796 1239 3879 exigua

132 3897 347 3985 Pelasgorum
361 3900 458 3966 ttrrba
470 3918 530 3984 per
543 3904 592 3963 tot
601 3899 762 3964 barbaros
772 3898 917 3982 populos
927 3895 971 3960 ad
981 3895 1125 3962 mediam
1135 3912 1240 3982 usquo

132 3997 266 4067 ltaliam
279 4009 449 4089 penetrare
462 4001 645 4086 potuissetl
667 4000 793 4065 Verum
806 4019 849 4063 ex
865 4005 937 4063 tota
952 3997 1110 4082 Dionysii
1125 3996 1238 4085 dispu-

131 4103 258 4169 tatione
281 4105 365 4171 satis
387 4108 536 4192 apparet,
560 4103 624 4167 bes
649 4100 823 4166 OEnotrios
838 4121 915 4167 cum
929 4099 1181 4186 Aboriginibus,
1195 4117 1236 4164 ex
