2692 4974
368 366 421 415 sn
442 362 615 417 assinos
639 364 713 415 urs.
734 367 801 449 vu.
1047 328 1156 422 ΛΜ

83 514 142 579 nis
164 512 223 576 iila
244 511 398 595 opinione
423 528 484 574 seu
506 510 691 595 hypothesi,
716 530 738 575 a
756 510 889 576 Graecis
912 510 1137 580 &manorum

83 632 170 699 rpem
191 633 267 677 esse
288 612 513 696 repetendam,
537 613 741 695 permisceri,
765 615 932 697 multoque
957 617 1052 700 pejus
1075 637 1137 701 pro

83 715 150 781 lem
169 716 299 794 baberi3
321 723 359 780 ut
382 716 462 778 mihi
488 714 571 778 adeo
594 717 676 778 sciis
697 716 822 799 liquere
842 715 1003 795 videatur,
1022 718 1136 805 primas

83 836 107 883 ‚c
132 818 348 900 Pelasgorum
371 818 523 893 coloniae,
547 818 577 881 si
603 817 704 881 modo
731 837 773 881 ea
795 836 940 900 unquam
959 818 1032 896 suit,
1055 818 1138 885 nihil

83 938 131 985 ure
144 938 220 984 cum
235 917 473 1000 Aboriginibus
498 939 572 983 esse
596 934 780 996 commune,
793 936 856 982 nec
876 920 1054 1003 quicquam
1069 940 1138 989 am·

83 1038 121 1085 ns
141 1023 244 1086 teneri
257 1038 371 1104 posse,
387 1038 487 1104 quam
500 1022 581 1085 boc:
604 1020 843 1103 antiquissimis
852 1021 924 1106 jam
936 1022 1138 1105 temporibus

84 1120 304 1207 Pelasgorum
317 1124 380 1187 sub
395 1122 535 1186 OEnotro
548 1122 684 1187 sedibus
702 1123 739 1185 in
760 1121 910 1187 inferiore
923 1120 1025 1188 Italia
1038 1142 1138 1189 occu·

83 1222 124 1291 ds
136 1222 259 1288 sarnam
271 1224 376 1287 fuisse
389 1224 472 1287 inter
485 1221 638 1288 Graecos.

83 1321 192 1390 Altera
204 1324 422 1408 Pelasgomm
443 1325 585 1401 colonia,
608 1325 670 1388 sub
684 1324 907 1389 Deucaliouea
919 1330 1069 1410 tempora
1081 1326 1138 1393 do-

83 1433 197 1505 nea
208 1433 270 1505 est,
286 1445 309 1490 a
322 1446 390 1511 qua
402 1425 621 1509 Aboriginum
643 1446 718 1490 cum
734 1426 886 1510 Pelasgis
904 1428 938 1490 in
962 1448 1064 1492 unum
1077 1449 1138 1513 po-

83 1528 148 1595 ium
173 1529 429 1593 coalescentium
453 1530 546 1610 origo
568 1528 746 1612 repetenda
769 1527 910 1592 videtin.
955 1527 1010 1592 Ex
1031 1527 1138 1594 'lbos-

83 1630 119 1695 h
129 1628 179 1694 iiii
189 1630 288 1714 ejecti
303 1630 361 1694 alii
375 1630 410 1692 in
423 1630 509 1693 alias
532 1634 647 1706 terras,
667 1648 745 1712 pars
766 1647 826 1711 per
840 1627 990 1712 Epirum,
1003 1629 1139 1694 oraculo

83 1728 189 1797 donas
217 1736 370 1814 accepto,
396 1729 613 1814 quodetiam
642 1728 795 1794 Macrob.
820 1745 832 1792 1
859 1728 930 1793 Sat.
958 1731 981 1794 7
1006 1728 1138 1819 recitat,

83 1831 164 1897 rium
189 1833 397 1917 trajecerant,
422 1834 456 1895 et
480 1835 673 1915 tempestate
695 1832 810 1896 vexati
835 1830 878 1894 ad
905 1831 1028 1896 ostium
1050 1828 1139 1899 Padi

83 1932 238 1997 braticrmr
260 1933 466 2016 appulerant.
513 1931 566 1996 ibi
590 1950 671 2015 pars
686 1937 796 1997 castra
810 1936 844 1997 et
851 1932 966 1996 urbem
980 1932 1139 2013 muniunt,

83 2033 148 2101 iad
161 2035 317 2099 interiora
326 2041 420 2099 terrm
435 2039 583 2116 pergunt,
598 2039 632 2098 et
646 2031 781 2098 Umbris
792 2035 948 2116 primum,
962 2041 1032 2098 tum
1045 2032 1140 2100 Abo-

83 2134 193 2201 nribus
212 2135 390 2212 lacessitis,
414 2134 473 2197 ubi
490 2133 536 2197 ad
550 2131 707 2197 Catilium
727 2139 880 2198 eventum
895 2133 1140 2201 babere-vident

83 2236 134 2305 ri·
159 2235 327 2301 Dodonaei
352 2254 547 2320 responsum
572 2234 664 2312 illud,
688 2254 764 2299 cum
787 2234 841 2299 bis
863 2235 975 2300 ioedus
999 2233 1138 2314 iaciunt,

83 2338 168 2421 rique
195 2343 290 2420 parte
317 2343 457 2421 accepta
485 2336 646 2402 adversus
678 2334 812 2400 Siculos
840 2335 918 2399 belli
945 2336 1139 2402 societatem

83 2443 156 2516 mi,
170 2438 296 2522 bosque
307 2437 441 2502 tandem
456 2438 500 2501 ab
514 2441 653 2521 utraque
666 2434 798 2501 'liberis
812 2442 908 2520 parte
929 2435 1066 2502 sedibus
1079 2436 1140 2523 eji-

83 2544 136 2605 urt.
173 2538 220 2607 V.
246 2540 390 2625 Dionys.
418 2557 444 2619 r,
465 2536 608 2605 18-21.
661 2537 729 2603 Sed
759 2538 907 2620 Pelasgi,
936 2540 978 2602 ab
1007 2538 1139 2622 egregio

153 2642 386 2726 bominumque
399 2647 511 2719 auctir,
526 2640 705 2726 aliqnando
722 2646 805 2724 post
818 2640 921 2705 variis
941 2639 1140 2706 edamimti·

83 2747 152 2808 ret
174 2742 438 2807 dissensionibus
463 2742 655 2807 domesticis
679 2742 808 2825 agitati,
833 2742 868 2805 in
890 2742 1001 2805 varias
1025 2746 1139 2824 partes

83 2838 179 2931 p'arsi
193 2852 282 2910 sunt.
326 2845 446 2923 Pauci,
458 2845 515 2930 qui
528 2851 762 2923 remanserant,
778 2844 998 2927 Aboriginum
1015 2844 1140 2919 nomini

83 2962 131 3011 nn
147 2946 311 3029 paulatim
335 2946 569 3008 submiserunt.
613 2944 659 3007 V.
673 2945 754 3007 ibid.
769 2943 813 3007 ad
834 2964 863 3008 c.
877 2945 933 3008 30.
976 2947 1142 3009 limem.

83 3048 199 3111 tmox
213 3046 347 3129 Pelasgi
360 3066 405 3110 ex
419 3044 570 3111 Arcadia
591 3045 654 3107 sub
678 3042 846 3122 Evandro,
870 3042 912 3106 de
926 3042 1048 3126 quibus
1071 3042 1141 3126 aiio

83 3146 327 3228 bridebimus3
350 3152 420 3212 tum
433 3145 546 3212 Graeci
560 3163 637 3208 cum
652 3142 798 3209 Hercule
812 3143 946 3227 aliique.
984 3142 1141 3209 Dubitari

83 3264 147 3334 qu
157 3266 226 3317 m
238 3253 359 3331 potest,
367 3249 402 3312 in
413 3247 523 3311 media
536 3247 600 3310 hac
609 3244 709 3311 ltalia
722 3248 812 3323 (nam
826 3244 868 3308 de
881 3249 1030 3309 extrenu
1039 3242 1141 3310 ltalia

83 3348 176 3417 bulis
188 3348 386 3415 Graecorum
399 3351 503 3414 variis
516 3349 720 3433 temporibus
733 3352 899 3431 occupata
915 3363 982 3410 uon
996 3343 1141 3431 aginus)

83 3470 188 3536 gnam
203 3451 422 3534 Aboriginum
436 3457 564 3534 partem
579 3452 622 3514 ab
636 3470 677 3514 eo
689 3448 767 3514 inde
789 3453 935 3532 tempore
953 3446 1139 3532 Pelasgicoe

83 3552 271 3619 Hellenicae
287 3553 390 3617 fuisse
405 3553 532 3635 stirpis,
554 3553 722 3636 multaque
745 3570 789 3615 ex
810 3553 927 3615 borum
946 3548 1142 3635 saalboneet

83 3654 246 3743 igionibus
264 3654 340 3719 illos
359 3654 530 3718 ascivisse.
575 3650 654 3730 Quo
667 3653 742 3736 ipso
755 3651 857 3735 poiita
875 3655 1026 3734 paratam
1039 3650 1141 3716 habet

83 3756 299 3832 sanationem,
314 3754 405 3839 quod
420 3754 524 3818 multa
535 3755 571 3818 in
584 3753 638 3817 his
654 3754 739 3818 locis
756 3751 800 3816 ad
822 3750 1052 3817 Graecanicam
1066 3751 1141 3837 reli-
1213 3779 1215 3783 ¹

83 3874 163 3922 nem
175 3857 329 3937 deflexio
350 3855 426 3939 ejus
439 3855 526 3918 euim
539 3854 682 3936 vestigia
699 3853 826 3937 passim
840 3852 941 3916 etiam
956 3850 1140 3937 Dionysius

83 3961 247 4038 noscebat,
262 3959 411 4041 inprimis
426 3955 565 4021 Faleriis
579 3975 610 4021 c.
625 3956 680 4020 21.
1191 3970 1194 3975 ·

83 4062 151 4130 Noc
165 4069 278 4128 tamen
291 4058 491 4142 Aborigines
505 4064 681 4143 propterea
688 4056 873 4139 Pelasgicae
889 4053 1005 4138 stirpis
1016 4050 1139 4118 haban·

83 4164 212 4235 rvideri
226 4161 523 4248 pronuntiavimus.
552 4159 671 4238 Recte,
686 4160 716 4224 si
729 4155 811 4242 qnid
822 4154 992 4222 videmnsz
1014 4150 1141 4225 lamani
