2692 4974
441 313 493 363 sn
515 314 688 367 musicos
712 315 786 381 uun.
812 315 869 367 ιιι.
1017 358 1023 368 .
1115 298 1203 373 4131

99 457 197 525 sutus
213 474 318 543 posse
332 456 479 524 videtur:
503 460 702 525 conveniunt
717 461 805 527 enim
821 460 935 525 forme
958 478 1036 526 cum
1048 465 1204 549 exemplo

100 556 300 642 Virgilium,
313 559 377 625 nisi
393 556 483 643 quod
497 580 581 623 unco
594 580 705 623 manus
719 560 850 640 obsunt,
863 566 898 625 ct
910 563 1001 645 quod
1012 564 1205 650 plerumque

99 658 192 741 galee
212 660 375 743 apposita
395 665 447 725 est
471 661 594 743 capiti:
615 662 692 725 vide
711 661 828 727 saltem
849 661 1156 731 Montfauc..Tom.
1179 683 1203 733 1.

99 758 144 843 pl.
158 758 239 825 222.
261 759 316 824 vel
338 759 454 843 Beger.
477 760 577 825 Thes.
596 761 718 826 Brund.
738 761 781 827 T.
805 779 864 828 111.
886 784 922 848 p.
939 765 1016 831 371.
1061 764 1206 851 Propius

99 859 139 925 ud
154 858 337 943 Virgilium
350 880 513 946 expresse
527 868 578 928 est
589 862 695 929 facies
714 865 749 927 iu
768 863 854 929 Cod.
869 864 984 931 Vetic.
1001 866 1045 930 ad
1059 866 1136 931 AEu.
1152 885 1205 950 ιι,

99 959 165 1029 2oe
178 952 240 1027 ubi
259 962 295 1041 in
312 962 398 1026 iocis
416 960 528 1027 inferis
540 969 761 1029 memorantur
775 962 959 1048 Harpyiae3
982 971 1035 1032 est
1048 968 1141 1051 virgo
1154 969 1204 1034 ibi

99 1052 513 1131 uhteine'iemdesinons
533 1084 609 1129 cum
628 1066 780 1131 monibus
796 1068 903 1131 uncis.
945 1067 1204 1139 Vcruminmo-

99 1166 267 1233 umuentis
285 1166 340 1233 hm
360 1162 493 1231 absunt
537 1164 667 1232 Addita
687 1167 788 1250 igitur
808 1173 860 1233 est
879 1169 986 1252 gulos,
1000 1172 1114 1238 nescio
1135 1192 1206 1258 que

99 1264 144 1361 de
164 1285 289 1357 ceusu
310 1273 370 1333 eut
388 1266 564 1333 dicendum
583 1272 645 1345 est,
665 1288 791 1335 merum
810 1269 1010 1354 phantasma
1025 1272 1201 1353 artificum

99 1366 318 1451 symbolicum
355 1368 450 1447 forte,
464 1372 467 1381 '
480 1386 555 1433 sem
580 1368 729 1452 speciem
765 1388 851 1435 esse.
896 1371 1042 1437 Possunt
1069 1393 1202 1459 quoque

99 1467 213 1533 omniu
223 1464 299 1535 hoc
312 1466 437 1553 penitet
450 1487 524 1533 esse
535 1487 625 1547 vem,
640 1469 670 1533 si
684 1474 773 1536 recte
785 1492 828 1538 ee
837 1474 1059 1539 medimnis.

140 1566 280 1633 Scilicet
291 1572 368 1633 emit
379 1567 471 1633 heud
485 1587 597 1652 pauco
610 1567 818 1649 Graecorum,
830 1572 980 1654 inprimis
990 1573 1026 1637 in
1035 1572 1201 1657 Odyssea,

99 1674 257 1747 monstro,
283 1688 360 1754 qum
385 1670 429 1735 eb
452 1670 588 1753 entique
615 1670 726 1753 ulique
753 1671 859 1736 fermo
880 1673 1076 1757 ,symbolica
1103 1673 1204 1739 ducto

99 1777 200 1851 sunt3
232 1771 384 1837 nonnulle
412 1790 545 1856 quoquc
570 1773 770 1837 conveniunt
798 1793 874 1839 cum
902 1772 1071 1857 AEgyptiie
1097 1774 1203 1839 hiero-

99 1871 242 1957 glyphis,
259 1890 320 1937 seu
340 1890 436 1948 casu,
459 1891 519 1936 seu
539 1869 631 1955 quod
652 1871 729 1935 iude
750 1872 852 1937 ducta
871 1878 974 1950 erant,
996 1874 1073 1938 aliis
1092 1879 1202 1940 temen

99 1972 207 2037 modis
234 1977 577 2038 secundorum.
622 1970 677 2036 lta
702 1972 875 2057 Harpyias
894 1973 1064 2059 AEgyptiis
1089 1975 1202 2059 figuris

99 2070 234 2179 piscus
248 2092 325 2137 cum
346 2074 457 2156 capito
478 2072 623 2154 virgineo
645 2073 774 2155 (quoles
793 2074 885 2157 apud
909 2073 1092 2140 Montfauc.
1108 2072 1202 2157 sunt)

99 2172 222 2241 &iilos
235 2194 309 2237 esse
322 2174 410 2239 houd
423 2193 559 2256 negem
573 2179 711 2256 potuere
723 2194 857 2257 quoque
871 2194 915 2238 cx
929 2176 1077 2258 AEgypto
1091 2176 1200 2243 ductes

99 2292 182 2339 ene.
226 2274 355 2341 Eadem
369 2276 474 2340 forma
486 2277 592 2340 scrius
610 2264 894 2357 superstitionibus
915 2275 1131 2341 amuletorum
1150 2276 1201 2339 in-

99 2377 223 2454 serviit,
246 2379 404 2458 varieque
429 2397 471 2439 ea
493 2377 636 2439 occurrit
662 2381 779 2438 ornate
802 2377 836 2437 in
859 2374 1007 2455 gemmis.
1036 2373 1080 2437 V·
1105 2374 1201 2442 Gorii

99 2472 258 2541 Gemmas
280 2476 386 2541 astris.
401 2476 469 2540 teb-
484 2476 559 2539 135.
573 2475 605 2539 6.
620 2476 653 2538 7.
698 2473 802 2537 Extat
821 2494 940 2537 numus
963 2474 1201 2541 Gabulensium

99 2577 186 2661 upud
199 2577 355 2642 Petinum
370 2578 404 2641 in
419 2576 620 2640 Numismet.
637 2574 745 2659 Impp.
767 2595 801 2659 p.
817 2576 893 2639 243.
915 2577 949 2638 in
965 2596 1032 2659 quo
1046 2576 1200 2661 Harpyis

99 2696 176 2741 eum
188 2677 336 2760 Sphinge
350 2677 459 2742 efficta
472 2676 689 2760 symbolicam
704 2678 849 2759 speciem
863 2676 972 2741 hebet.

140 2774 226 2841 Cum
240 2798 282 2841 ea
294 2778 401 2842 souma
422 2778 523 2841 semel
544 2779 703 2841 instructa
725 2782 815 2841 esset
836 2778 943 2859 galee,
959 2778 1093 2863 adjecta
1109 2781 1200 2847 fuere

99 2878 174 2956 ulie,
189 2884 227 2943 ut
245 2879 394 2963 clypeus,
410 2878 516 2951 hosta,
539 2878 585 2941 ita
606 2881 646 2941 ut
666 2877 798 2942 tandem
820 2876 969 2943 Palladis
990 2882 1143 2964 symbola
1158 2902 1199 2947 ea

99 2978 213 3043 refosso
236 2978 410 3043 videretur.
453 2976 535 3041 Telo
554 2979 685 3059 signum
705 2978 741 3039 iu
762 2977 896 3042 denario
922 2981 1026 3060 gentis
1051 2979 1202 3072 Valerius

99 3080 248 3158 occurrit,
263 3081 364 3163 quod,
378 3080 481 3144 ductu
501 3080 639 3142 duarum
661 3096 861 3158 gemmarum
882 3077 984 3161 (ques
1007 3087 1115 3143 tamen
1136 3103 1199 3165 pso

99 3182 259 3259 mulctis,
280 3200 347 3246 nou
366 3201 427 3264 pro
450 3200 526 3244 vere
548 3180 667 3263 graecis
687 3178 807 3242 habere
825 3175 954 3261 melini)
971 3180 1061 3261 apud
1085 3181 1198 3249 Mont-

99 3280 181 3347 huc.
196 3284 264 3347 tub.
280 3282 500 3359 cxx11,8.9.
523 3282 565 3344 ad
581 3281 751 3345 Palladem
772 3281 951 3345 revocabat
967 3280 1092 3346 Eckhel
1106 3283 1198 3349 Doc-

99 3383 181 3447 uins
192 3402 320 3448 numor.
335 3383 433 3447 Tom.
450 3400 482 3444 v.
498 3404 532 3465 p.
546 3383 621 3446 331.
665 3380 740 3446 Nec
753 3387 862 3445 tumen
877 3382 961 3447 ultra
973 3384 1198 3473 opinationem

99 3483 251 3566 progredi
265 3485 298 3548 iu
312 3483 364 3547 his
378 3484 465 3548 licet.

134 3582 279 3649 Sirenum
297 3587 426 3672 specics
448 3591 517 3649 tom
539 3584 672 3648 diversa
695 3589 759 3661 est,
777 3591 815 3671 ut
834 3605 911 3650 eam
934 3605 1010 3650 cum
1034 3585 1197 3672 Hospyiis
1328 3592 1335 3605 “

99 3686 255 3751 conraudi
269 3688 406 3765 mireris.
450 3686 534 3750 Sunt
546 3707 595 3750 cae
610 3688 752 3769 virgines
771 3687 880 3763 ulatae,
895 3686 970 3749 inde
984 3705 1006 3749 a
1017 3687 1197 3753 femoribus

99 3785 295 3852 involucres
316 3788 520 3853 desinentes:
543 3788 694 3872 πτερωταὶ,
715 3792 754 3849 τὰ
777 3785 856 3848 κάτω
875 3784 982 3874 ignitos
1002 3786 1135 3872 ἔχουσαι,
1159 3796 1196 3853 ut

101 3882 209 3953 Schol.
224 3890 387 3973 Lycophr.
408 3891 484 3956 653.
506 3898 540 3955 et
561 3888 719 3974 Apollou.
735 3907 786 3965 ιν,
800 3889 866 3954 898
886 3893 961 3952 ἀλλο
982 3890 1033 3970 μὲν
1053 3892 1195 3968 eleusim,

99 3980 185 4051 'sm
207 3991 235 4052 δὲ
264 3991 422 4077 παρθενικῇς
447 3989 607 4074 ἐναλίγκιαι
632 3989 713 4053 ἴσκον
737 3986 851 4053 ἰδέσθαι.
895 3989 1026 4054 Tubam
1050 3989 1118 4052 fere
1143 3989 1196 4052 vel

105 4086 256 4154 nuaram
278 4097 397 4169 tenent,
412 4098 449 4156 ut
468 4093 522 4159 vel
544 4092 636 4175 apud
659 4090 842 4157 Montfuuc.
861 4092 987 4159 videas.
1029 4089 1194 4171 Exempla

161 4215 283 4280 nepio
296 4214 352 4268 ue.
364 4216 429 4268 cue.
625 4216 696 4281 νινε.
1051 4216 1082 4263 12
1102 4211 1129 4262 ιι
