<?xml version="1.0" encoding="UTF-8"?>
<!DOCTYPE html PUBLIC "-//W3C//DTD XHTML 1.0 Transitional//EN"
    "http://www.w3.org/TR/xhtml1/DTD/xhtml1-transitional.dtd">
<html xmlns="http://www.w3.org/1999/xhtml" xml:lang="en" lang="en">
 <head>
  <title>
</title>
<meta http-equiv="Content-Type" content="text/html;charset=utf-8" />
  <meta name='ocr-system' content='tesseract 3.04.00' />
  <meta name='ocr-capabilities' content='ocr_page ocr_carea ocr_par ocr_line ocrx_word'/>
</head>
<body>
  <div class='ocr_page' id='page_1' title='image "./pvirgiliimaroni00virggoog/pvirgiliimaroni00virggoog_0647.png"; bbox 0 0 2664 4686; ppageno 0'>
   <div class='ocr_carea' id='block_1_1' title="bbox 7 565 1126 698">
    <p class='ocr_par' dir='ltr' id='par_1_1' title="bbox 7 565 1126 698">
     <span class='ocr_line' id='line_1_1' title="bbox 7 565 1126 698; baseline 0.021 -22"><span class='ocrx_word' id='word_1_1' title='bbox 7 638 13 655; x_wconf 80' lang='lat'><strong>,</strong></span> <span class='ocrx_word' id='word_1_2' title='bbox 131 565 137 679; x_wconf 80' lang='grc' dir='ltr'>ζ</span> <span class='ocrx_word' id='word_1_3' title='bbox 202 599 635 694; x_wconf 77' lang='lat' dir='ltr'><strong>rusmmonm</strong></span> <span class='ocrx_word' id='word_1_4' title='bbox 666 604 768 694; x_wconf 83' lang='lat' dir='ltr'><strong>on.</strong></span> <span class='ocrx_word' id='word_1_5' title='bbox 791 606 1126 698; x_wconf 75' lang='lat' dir='ltr'><strong>vinomo</strong></span> 
     </span>
    </p>
   </div>
   <div class='ocr_carea' id='block_1_2' title="bbox 610 820 740 874">
    <p class='ocr_par' dir='ltr' id='par_1_2' title="bbox 610 820 740 874">
     <span class='ocr_line' id='line_1_2' title="bbox 610 820 740 874; baseline 0.054 -8"><span class='ocrx_word' id='word_1_6' title='bbox 610 820 648 868; x_wconf 83' lang='lat' dir='ltr'><strong>H.</strong></span> <span class='ocrx_word' id='word_1_7' title='bbox 687 821 740 874; x_wconf 76' lang='lat' dir='ltr'><strong>B..</strong></span> 
     </span>
    </p>
   </div>
   <div class='ocr_carea' id='block_1_3' title="bbox 134 999 1175 1203">
    <p class='ocr_par' dir='ltr' id='par_1_3' title="bbox 134 999 1175 1203">
     <span class='ocr_line' id='line_1_3' title="bbox 134 999 1175 1083; baseline 0.004 -16"><span class='ocrx_word' id='word_1_8' title='bbox 134 999 282 1068; x_wconf 83' lang='lat' dir='ltr'><strong>·LOCA</strong></span> <span class='ocrx_word' id='word_1_9' title='bbox 303 999 540 1069; x_wconf 83' lang='lat' dir='ltr'>VETERUM</span> <span class='ocrx_word' id='word_1_10' title='bbox 562 999 881 1069; x_wconf 82' lang='lat' dir='ltr'><strong>SCRIPTORUM</strong></span> <span class='ocrx_word' id='word_1_11' title='bbox 904 1002 960 1069; x_wconf 90' lang='lat' dir='ltr'><strong>IN</strong></span> <span class='ocrx_word' id='word_1_12' title='bbox 983 1003 1175 1083; x_wconf 82' lang='lat' dir='ltr'><strong>QUIBUS</strong></span> 
     </span>
     <span class='ocr_line' id='line_1_4' title="bbox 285 1131 1127 1203; baseline 0.001 -1"><span class='ocrx_word' id='word_1_13' title='bbox 285 1134 351 1202; x_wconf 86' lang='lat' dir='ltr'><strong>DE</strong></span> <span class='ocrx_word' id='word_1_14' title='bbox 370 1131 598 1200; x_wconf 84' lang='lat' dir='ltr'><strong>VIRGILIO</strong></span> <span class='ocrx_word' id='word_1_15' title='bbox 621 1132 920 1201; x_wconf 76' lang='lat' dir='ltr'><strong>MEMonn&#39;rlo</strong></span> <span class='ocrx_word' id='word_1_16' title='bbox 950 1134 1047 1203; x_wconf 77' lang='grc' dir='ltr'><strong>ΠΤ.</strong></span> <span class='ocrx_word' id='word_1_17' title='bbox 1124 1134 1127 1139; x_wconf 74' lang='grc'><strong>’</strong></span> 
     </span>
    </p>
   </div>
   <div class='ocr_carea' id='block_1_4' title="bbox 264 1491 1067 1580">
    <p class='ocr_par' dir='ltr' id='par_1_4' title="bbox 264 1491 1067 1580">
     <span class='ocr_line' id='line_1_5' title="bbox 264 1491 1067 1580; baseline -0.006 -18"><span class='ocrx_word' id='word_1_18' title='bbox 264 1495 622 1579; x_wconf 79' lang='lat' dir='ltr'><strong>QUINTILIANUS</strong></span> <span class='ocrx_word' id='word_1_19' title='bbox 647 1493 723 1559; x_wconf 72' lang='lat' dir='ltr'><strong>Lib.</strong></span> <span class='ocrx_word' id='word_1_20' title='bbox 746 1491 798 1559; x_wconf 87' lang='lat' dir='ltr'><strong>X.</strong></span> <span class='ocrx_word' id='word_1_21' title='bbox 820 1516 889 1580; x_wconf 83' lang='lat' dir='ltr'><strong>cup.</strong></span> <span class='ocrx_word' id='word_1_22' title='bbox 905 1494 939 1558; x_wconf 93' lang='lat' dir='ltr'><strong>l.</strong></span> <span class='ocrx_word' id='word_1_23' title='bbox 956 1494 985 1579; x_wconf 80' lang='lat'><strong>§.</strong></span> <span class='ocrx_word' id='word_1_24' title='bbox 1009 1492 1067 1557; x_wconf 76' lang='lat'><strong>85.</strong></span> 
     </span>
    </p>
   </div>
   <div class='ocr_carea' id='block_1_5' title="bbox 109 1628 1220 2131">
    <p class='ocr_par' dir='ltr' id='par_1_5' title="bbox 109 1628 1220 2131">
     <span class='ocr_line' id='line_1_6' title="bbox 111 1628 1220 1727; baseline -0.005 -22"><span class='ocrx_word' id='word_1_25' title='bbox 111 1628 218 1714; x_wconf 84' lang='lat' dir='ltr'><strong>Ionn</strong></span> <span class='ocrx_word' id='word_1_26' title='bbox 245 1642 342 1706; x_wconf 91' lang='lat' dir='ltr'><strong>nobis</strong></span> <span class='ocrx_word' id='word_1_27' title='bbox 355 1662 416 1727; x_wconf 87' lang='lat' dir='ltr'><strong>per</strong></span> <span class='ocrx_word' id='word_1_28' title='bbox 430 1640 604 1711; x_wconf 80' lang='lat' dir='ltr'><strong>Romanos</strong></span> <span class='ocrx_word' id='word_1_29' title='bbox 623 1658 755 1723; x_wconf 90' lang='lat' dir='ltr'><strong>quoque</strong></span> <span class='ocrx_word' id='word_1_30' title='bbox 775 1641 927 1702; x_wconf 85' lang='lat' dir='ltr'><strong>unctores</strong></span> <span class='ocrx_word' id='word_1_31' title='bbox 941 1634 1025 1700; x_wconf 92' lang='lat' dir='ltr'><strong>ordo</strong></span> <span class='ocrx_word' id='word_1_32' title='bbox 1050 1634 1220 1702; x_wconf 85' lang='lat' dir='ltr'><strong>ducendus</strong></span> 
     </span>
     <span class='ocr_line' id='line_1_7' title="bbox 110 1734 1218 1828; baseline -0.005 -20"><span class='ocrx_word' id='word_1_33' title='bbox 110 1749 170 1807; x_wconf 83' lang='lat' dir='ltr'><strong>est.</strong></span> <span class='ocrx_word' id='word_1_34' title='bbox 215 1743 335 1828; x_wconf 78' lang='lat' dir='ltr'><strong>Itaque</strong></span> <span class='ocrx_word' id='word_1_35' title='bbox 348 1749 384 1808; x_wconf 89' lang='lat' dir='ltr'><strong>ut</strong></span> <span class='ocrx_word' id='word_1_36' title='bbox 397 1743 488 1827; x_wconf 86' lang='lat' dir='ltr'><strong>apud</strong></span> <span class='ocrx_word' id='word_1_37' title='bbox 501 1742 577 1806; x_wconf 81' lang='lat' dir='ltr'><strong>illos</strong></span> <span class='ocrx_word' id='word_1_38' title='bbox 593 1740 775 1818; x_wconf 70' lang='lat' dir='ltr'><strong>Homerus,</strong></span> <span class='ocrx_word' id='word_1_39' title='bbox 791 1741 841 1805; x_wconf 88' lang='lat' dir='ltr'><strong>sic</strong></span> <span class='ocrx_word' id='word_1_40' title='bbox 855 1736 1021 1822; x_wconf 82' lang='lat' dir='ltr'><strong>upudnos</strong></span> <span class='ocrx_word' id='word_1_41' title='bbox 1043 1734 1218 1822; x_wconf 78' lang='lat' dir='ltr'>Virgilius,</span> 
     </span>
     <span class='ocr_line' id='line_1_8' title="bbox 111 1837 1218 1928; baseline -0.005 -20"><span class='ocrx_word' id='word_1_42' title='bbox 111 1842 418 1928; x_wconf 72' lang='lat' dir='ltr'><strong>auspicatissimum</strong></span> <span class='ocrx_word' id='word_1_43' title='bbox 446 1841 572 1909; x_wconf 86' lang='lat' dir='ltr'><strong>dederit</strong></span> <span class='ocrx_word' id='word_1_44' title='bbox 597 1840 789 1908; x_wconf 79' lang='lat' dir='ltr'><strong>exordium:</strong></span> <span class='ocrx_word' id='word_1_45' title='bbox 816 1840 963 1904; x_wconf 89' lang='lat' dir='ltr'><strong>omniurn</strong></span> <span class='ocrx_word' id='word_1_46' title='bbox 990 1837 1066 1923; x_wconf 87' lang='lat' dir='ltr'><strong>ejus</strong></span> <span class='ocrx_word' id='word_1_47' title='bbox 1095 1842 1218 1922; x_wconf 87' lang='lat' dir='ltr'><strong>generis</strong></span> 
     </span>
     <span class='ocr_line' id='line_1_9' title="bbox 109 1940 1217 2032; baseline -0.005 -19"><span class='ocrx_word' id='word_1_48' title='bbox 109 1945 283 2032; x_wconf 82' lang='lat' dir='ltr'><strong>poiitnrnm</strong></span> <span class='ocrx_word' id='word_1_49' title='bbox 295 1945 491 2017; x_wconf 78' lang='lat' dir='ltr'><strong>Graecomm</strong></span> <span class='ocrx_word' id='word_1_50' title='bbox 504 1948 755 2028; x_wconf 82' lang='lat' dir='ltr'><strong>nostrommque</strong></span> <span class='ocrx_word' id='word_1_51' title='bbox 777 1943 825 2008; x_wconf 90' lang='lat' dir='ltr'><strong>illi</strong></span> <span class='ocrx_word' id='word_1_52' title='bbox 839 1942 904 2006; x_wconf 82' lang='lat' dir='ltr'><strong>had</strong></span> <span class='ocrx_word' id='word_1_53' title='bbox 918 1940 1019 2005; x_wconf 91' lang='lat' dir='ltr'><strong>dubie</strong></span> <span class='ocrx_word' id='word_1_54' title='bbox 1031 1944 1217 2025; x_wconf 85' lang='lat' dir='ltr'><strong>proximus.</strong></span> 
     </span>
     <span class='ocr_line' id='line_1_10' title="bbox 111 2041 1217 2131; baseline -0.005 -15"><span class='ocrx_word' id='word_1_55' title='bbox 111 2048 196 2124; x_wconf 77' lang='lat' dir='ltr'><strong>Utar</strong></span> <span class='ocrx_word' id='word_1_56' title='bbox 209 2051 296 2115; x_wconf 87' lang='lat' dir='ltr'><strong>enim</strong></span> <span class='ocrx_word' id='word_1_57' title='bbox 305 2049 417 2115; x_wconf 88' lang='lat' dir='ltr'><strong>verbis</strong></span> <span class='ocrx_word' id='word_1_58' title='bbox 429 2044 563 2126; x_wconf 91' lang='lat' dir='ltr'><strong>iisdem,</strong></span> <span class='ocrx_word' id='word_1_59' title='bbox 589 2065 667 2131; x_wconf 81' lang='lat' dir='ltr'><strong>quoe</strong></span> <span class='ocrx_word' id='word_1_60' title='bbox 681 2046 725 2115; x_wconf 78' lang='lat' dir='ltr'><strong>ab</strong></span> <span class='ocrx_word' id='word_1_61' title='bbox 740 2041 825 2113; x_wconf 76' lang='lat' dir='ltr'><strong>Afro</strong></span> <span class='ocrx_word' id='word_1_62' title='bbox 840 2041 1028 2108; x_wconf 84' lang='lat' dir='ltr'><strong>Domitio</strong></span> <span class='ocrx_word' id='word_1_63' title='bbox 1012 2045 1149 2127; x_wconf 84' lang='lat' dir='ltr'><strong>Juvenis</strong></span> <span class='ocrx_word' id='word_1_64' title='bbox 1161 2065 1217 2110; x_wconf 84' lang='lat' dir='ltr'><strong>uc·</strong></span> 
     </span>
    </p>
   </div>
   <div class='ocr_carea' id='block_1_6' title="bbox 9 2139 1216 2237">
    <p class='ocr_par' dir='ltr' id='par_1_6' title="bbox 9 2139 1216 2237">
     <span class='ocr_line' id='line_1_11' title="bbox 9 2139 1216 2237; baseline -0.007 -19"><span class='ocrx_word' id='word_1_65' title='bbox 9 2139 16 2147; x_wconf 45' lang='lat'><em>⁶</em></span> <span class='ocrx_word' id='word_1_66' title='bbox 109 2154 196 2237; x_wconf 86' lang='lat' dir='ltr'><strong>cepi,</strong></span> <span class='ocrx_word' id='word_1_67' title='bbox 211 2152 269 2237; x_wconf 90' lang='lat' dir='ltr'><strong>qui</strong></span> <span class='ocrx_word' id='word_1_68' title='bbox 282 2152 362 2216; x_wconf 88' lang='lat' dir='ltr'><strong>mihi</strong></span> <span class='ocrx_word' id='word_1_69' title='bbox 387 2149 610 2233; x_wconf 81' lang='lat' dir='ltr'><strong>interroganti,</strong></span> <span class='ocrx_word' id='word_1_70' title='bbox 625 2166 724 2231; x_wconf 88' lang='lat' dir='ltr'><strong>quern</strong></span> <span class='ocrx_word' id='word_1_71' title='bbox 744 2145 894 2224; x_wconf 89' lang='lat' dir='ltr'><strong>Homero</strong></span> <span class='ocrx_word' id='word_1_72' title='bbox 909 2144 1058 2210; x_wconf 89' lang='lat' dir='ltr'><strong>crederet</strong></span> <span class='ocrx_word' id='word_1_73' title='bbox 1072 2148 1216 2210; x_wconf 82' lang='lat' dir='ltr'><strong>maxime</strong></span> 
     </span>
    </p>
   </div>
   <div class='ocr_carea' id='block_1_7' title="bbox 106 2245 1216 2840">
    <p class='ocr_par' dir='ltr' id='par_1_7' title="bbox 106 2245 1216 2840">
     <span class='ocr_line' id='line_1_12' title="bbox 109 2245 1216 2334; baseline -0.005 -17"><span class='ocrx_word' id='word_1_74' title='bbox 109 2253 278 2330; x_wconf 85' lang='lat' dir='ltr'><strong>uccedore,</strong></span> <span class='ocrx_word' id='word_1_75' title='bbox 307 2251 493 2329; x_wconf 84' lang='lat' dir='ltr'><strong>Secundus,</strong></span> <span class='ocrx_word' id='word_1_76' title='bbox 523 2250 639 2334; x_wconf 86' lang='lat' dir='ltr'><strong>inquit,</strong></span> <span class='ocrx_word' id='word_1_77' title='bbox 667 2254 718 2312; x_wconf 92' lang='lat' dir='ltr'><strong>est</strong></span> <span class='ocrx_word' id='word_1_78' title='bbox 741 2245 921 2330; x_wconf 81' lang='lat' dir='ltr'><strong>Virgilius:</strong></span> <span class='ocrx_word' id='word_1_79' title='bbox 944 2247 1085 2331; x_wconf 84' lang='lat' dir='ltr'><strong>propior</strong></span> <span class='ocrx_word' id='word_1_80' title='bbox 1106 2254 1216 2313; x_wconf 78' lang='lat' dir='ltr'><strong>tumen</strong></span> 
     </span>
     <span class='ocr_line' id='line_1_13' title="bbox 107 2347 1214 2440; baseline -0.005 -24"><span class='ocrx_word' id='word_1_81' title='bbox 107 2353 226 2440; x_wconf 87' lang='lat' dir='ltr'><strong>primo,</strong></span> <span class='ocrx_word' id='word_1_82' title='bbox 246 2371 346 2435; x_wconf 87' lang='lat' dir='ltr'><strong>quam</strong></span> <span class='ocrx_word' id='word_1_83' title='bbox 360 2352 469 2416; x_wconf 91' lang='lat' dir='ltr'><strong>tertio.</strong></span> <span class='ocrx_word' id='word_1_84' title='bbox 515 2349 559 2415; x_wconf 91' lang='lat' dir='ltr'><strong>Et</strong></span> <span class='ocrx_word' id='word_1_85' title='bbox 572 2348 692 2425; x_wconf 90' lang='lat' dir='ltr'><strong>hercle,</strong></span> <span class='ocrx_word' id='word_1_86' title='bbox 714 2354 751 2412; x_wconf 91' lang='lat' dir='ltr'><strong>ut</strong></span> <span class='ocrx_word' id='word_1_87' title='bbox 765 2347 814 2412; x_wconf 92' lang='lat' dir='ltr'><strong>illi</strong></span> <span class='ocrx_word' id='word_1_88' title='bbox 829 2352 954 2413; x_wconf 84' lang='lat' dir='ltr'><strong>unturae</strong></span> <span class='ocrx_word' id='word_1_89' title='bbox 970 2347 1103 2413; x_wconf 87' lang='lat' dir='ltr'><strong>coelesti</strong></span> <span class='ocrx_word' id='word_1_90' title='bbox 1117 2354 1214 2430; x_wconf 85' lang='lat' dir='ltr'><strong>atque</strong></span> 
     </span>
     <span class='ocr_line' id='line_1_14' title="bbox 106 2449 1212 2530; baseline -0.004 -14"><span class='ocrx_word' id='word_1_91' title='bbox 106 2451 285 2517; x_wconf 80' lang='lat' dir='ltr'><strong>immortali</strong></span> <span class='ocrx_word' id='word_1_92' title='bbox 300 2452 506 2528; x_wconf 79' lang='lat' dir='ltr'><strong>cesserimus,</strong></span> <span class='ocrx_word' id='word_1_93' title='bbox 528 2452 577 2516; x_wconf 81' lang='lat' dir='ltr'><strong>ita</strong></span> <span class='ocrx_word' id='word_1_94' title='bbox 590 2470 678 2515; x_wconf 85' lang='lat' dir='ltr'><strong>curae</strong></span> <span class='ocrx_word' id='word_1_95' title='bbox 693 2454 726 2513; x_wconf 90' lang='lat' dir='ltr'><strong>et</strong></span> <span class='ocrx_word' id='word_1_96' title='bbox 740 2449 920 2530; x_wconf 78' lang='lat' dir='ltr'><strong>diligentiae</strong></span> <span class='ocrx_word' id='word_1_97' title='bbox 932 2449 988 2516; x_wconf 86' lang='lat' dir='ltr'><strong>vel</strong></span> <span class='ocrx_word' id='word_1_98' title='bbox 1002 2450 1080 2515; x_wconf 90' lang='lat' dir='ltr'><strong>ideo</strong></span> <span class='ocrx_word' id='word_1_99' title='bbox 1104 2450 1139 2514; x_wconf 93' lang='lat' dir='ltr'><strong>in</strong></span> <span class='ocrx_word' id='word_1_100' title='bbox 1152 2450 1212 2513; x_wconf 91' lang='lat' dir='ltr'><strong>hoc</strong></span> 
     </span>
     <span class='ocr_line' id='line_1_15' title="bbox 107 2550 1214 2638; baseline 0 -22"><span class='ocrx_word' id='word_1_101' title='bbox 107 2553 185 2637; x_wconf 90' lang='lat' dir='ltr'><strong>plus</strong></span> <span class='ocrx_word' id='word_1_102' title='bbox 199 2561 261 2632; x_wconf 87' lang='lat' dir='ltr'><strong>est,</strong></span> <span class='ocrx_word' id='word_1_103' title='bbox 276 2554 365 2638; x_wconf 91' lang='lat' dir='ltr'><strong>quod</strong></span> <span class='ocrx_word' id='word_1_104' title='bbox 379 2555 408 2616; x_wconf 91' lang='lat' dir='ltr'><strong>ei</strong></span> <span class='ocrx_word' id='word_1_105' title='bbox 434 2553 499 2617; x_wconf 84' lang='lat' dir='ltr'><strong>suit</strong></span> <span class='ocrx_word' id='word_1_106' title='bbox 512 2554 618 2635; x_wconf 81' lang='lat' dir='ltr'><strong>magis</strong></span> <span class='ocrx_word' id='word_1_107' title='bbox 641 2550 879 2634; x_wconf 67' lang='lat' dir='ltr'><strong>laborandum</strong></span> <span class='ocrx_word' id='word_1_108' title='bbox 902 2557 936 2616; x_wconf 86' lang='lat' dir='ltr'><strong>ot</strong></span> <span class='ocrx_word' id='word_1_109' title='bbox 951 2557 1113 2635; x_wconf 83' lang='lat' dir='ltr'><strong>quantum</strong></span> <span class='ocrx_word' id='word_1_110' title='bbox 1136 2551 1214 2616; x_wconf 86' lang='lat' dir='ltr'><strong>emi·</strong></span> 
     </span>
     <span class='ocr_line' id='line_1_16' title="bbox 107 2653 1213 2738; baseline -0.002 -19"><span class='ocrx_word' id='word_1_111' title='bbox 107 2655 312 2719; x_wconf 88' lang='lat' dir='ltr'><strong>nentioribus</strong></span> <span class='ocrx_word' id='word_1_112' title='bbox 326 2656 497 2731; x_wconf 89' lang='lat' dir='ltr'><strong>vincimur,</strong></span> <span class='ocrx_word' id='word_1_113' title='bbox 511 2653 650 2718; x_wconf 77' lang='lat' dir='ltr'><strong>fortusse</strong></span> <span class='ocrx_word' id='word_1_114' title='bbox 666 2653 857 2736; x_wconf 76' lang='lat' dir='ltr'><strong>aequalitate</strong></span> <span class='ocrx_word' id='word_1_115' title='bbox 870 2673 1060 2738; x_wconf 78' lang='lat' dir='ltr'><strong>pensamus.</strong></span> <span class='ocrx_word' id='word_1_116' title='bbox 1106 2653 1213 2719; x_wconf 87' lang='lat' dir='ltr'><strong>Ceteri</strong></span> 
     </span>
     <span class='ocr_line' id='line_1_17' title="bbox 110 2756 542 2840; baseline -0.005 -18"><span class='ocrx_word' id='word_1_117' title='bbox 110 2772 225 2822; x_wconf 87' lang='lat' dir='ltr'><strong>omnes</strong></span> <span class='ocrx_word' id='word_1_118' title='bbox 239 2756 337 2838; x_wconf 90' lang='lat' dir='ltr'><strong>longe</strong></span> <span class='ocrx_word' id='word_1_119' title='bbox 353 2760 542 2840; x_wconf 82' lang='lat' dir='ltr'><strong>sequuntur.</strong></span> 
     </span>
    </p>
   </div>
   <div class='ocr_carea' id='block_1_8' title="bbox 447 2903 876 2972">
    <p class='ocr_par' dir='ltr' id='par_1_8' title="bbox 447 2903 876 2972">
     <span class='ocr_line' id='line_1_18' title="bbox 447 2903 876 2972; baseline 0.002 -3"><span class='ocrx_word' id='word_1_120' title='bbox 447 2903 731 2972; x_wconf 82' lang='lat' dir='ltr'><strong>ANTHOLOG.</strong></span> <span class='ocrx_word' id='word_1_121' title='bbox 754 2906 800 2971; x_wconf 91' lang='lat' dir='ltr'><strong>V.</strong></span> <span class='ocrx_word' id='word_1_122' title='bbox 822 2907 876 2972; x_wconf 84' lang='grc'><strong>74.</strong></span> 
     </span>
    </p>
   </div>
   <div class='ocr_carea' id='block_1_9' title="bbox 108 3022 982 3316">
    <p class='ocr_par' dir='ltr' id='par_1_9' title="bbox 108 3022 982 3316">
     <span class='ocr_line' id='line_1_19' title="bbox 196 3022 905 3111; baseline -0.004 -21"><span class='ocrx_word' id='word_1_123' title='bbox 196 3028 254 3090; x_wconf 78' lang='grc' dir='ltr'><strong>Καὶ</strong></span> <span class='ocrx_word' id='word_1_124' title='bbox 271 3022 523 3109; x_wconf 59' lang='lat' dir='ltr'><strong>pinnarensium</strong></span> <span class='ocrx_word' id='word_1_125' title='bbox 539 3023 682 3110; x_wconf 72' lang='grc' dir='ltr'><strong><em>λιγύθροος</em></strong></span> <span class='ocrx_word' id='word_1_126' title='bbox 699 3022 795 3111; x_wconf 70' lang='grc' dir='ltr'><strong>ἔπρεπε</strong></span> <span class='ocrx_word' id='word_1_127' title='bbox 807 3023 905 3099; x_wconf 77' lang='grc' dir='ltr'><strong><em>κύκνος</em></strong></span> 
     </span>
     <span class='ocr_line' id='line_1_20' title="bbox 108 3114 899 3222; baseline -0.003 -31"><span class='ocrx_word' id='word_1_128' title='bbox 108 3114 113 3129; x_wconf 58' lang='lat'>&#39;</span> <span class='ocrx_word' id='word_1_129' title='bbox 195 3127 301 3192; x_wconf 77' lang='lat' dir='ltr'><strong>llrriur</strong></span> <span class='ocrx_word' id='word_1_130' title='bbox 314 3127 418 3204; x_wconf 77' lang='grc' dir='ltr'><strong><em>εὐιπίης</em></strong></span> <span class='ocrx_word' id='word_1_131' title='bbox 435 3125 612 3214; x_wconf 61' lang='grc' dir='ltr'><strong><em>Βιςγίλλιος*</em></strong></span> <span class='ocrx_word' id='word_1_132' title='bbox 638 3124 666 3190; x_wconf 73' lang='grc' dir='ltr'><strong>ὄν</strong></span> <span class='ocrx_word' id='word_1_133' title='bbox 678 3152 746 3190; x_wconf 69' lang='grc' dir='ltr'><strong><em>ποτε</em></strong></span> <span class='ocrx_word' id='word_1_134' title='bbox 768 3125 879 3208; x_wconf 79' lang='grc' dir='ltr'><strong><em>Ῥώμης</em></strong></span> <span class='ocrx_word' id='word_1_135' title='bbox 895 3216 899 3222; x_wconf 77' lang='lat'><strong>,</strong></span> 
     </span>
     <span class='ocr_line' id='line_1_21' title="bbox 198 3224 982 3316; baseline -0.003 -26"><span class='ocrx_word' id='word_1_136' title='bbox 198 3231 346 3316; x_wconf 77' lang='grc' dir='ltr'><strong><em>Θυμβριοὶς</em></strong></span> <span class='ocrx_word' id='word_1_137' title='bbox 361 3226 453 3291; x_wconf 72' lang='grc' dir='ltr'><strong><em>ἄλλοι</em></strong></span> <span class='ocrx_word' id='word_1_138' title='bbox 469 3227 594 3314; x_wconf 76' lang='grc' dir='ltr'><strong><em>Ὅμηρον</em></strong></span> <span class='ocrx_word' id='word_1_139' title='bbox 614 3226 745 3315; x_wconf 75' lang='grc' dir='ltr'><strong>ἀνέτρεφε</strong></span> <span class='ocrx_word' id='word_1_140' title='bbox 759 3227 889 3314; x_wconf 78' lang='grc' dir='ltr'><strong><em>πατρίδος</em></strong></span> <span class='ocrx_word' id='word_1_141' title='bbox 904 3224 982 3313; x_wconf 76' lang='grc' dir='ltr'><strong>ἠχῶ.</strong></span> 
     </span>
    </p>
   </div>
   <div class='ocr_carea' id='block_1_10' title="bbox 238 3375 1084 3446">
    <p class='ocr_par' dir='ltr' id='par_1_10' title="bbox 238 3375 1084 3446">
     <span class='ocr_line' id='line_1_22' title="bbox 238 3375 1084 3446; baseline 0.005 -3"><span class='ocrx_word' id='word_1_142' title='bbox 238 3378 284 3444; x_wconf 93' lang='grc' dir='ltr'><strong>Ι).</strong></span> <span class='ocrx_word' id='word_1_143' title='bbox 305 3378 617 3445; x_wconf 83' lang='lat' dir='ltr'>AUGUSTINUS</span> <span class='ocrx_word' id='word_1_144' title='bbox 641 3380 678 3444; x_wconf 85' lang='lat' dir='ltr'><strong>de</strong></span> <span class='ocrx_word' id='word_1_145' title='bbox 695 3379 765 3445; x_wconf 85' lang='lat' dir='ltr'><strong>Cio.</strong></span> <span class='ocrx_word' id='word_1_146' title='bbox 782 3376 848 3444; x_wconf 86' lang='lat' dir='ltr'><strong>Dei</strong></span> <span class='ocrx_word' id='word_1_147' title='bbox 866 3375 939 3442; x_wconf 84' lang='lat' dir='ltr'><strong>Lib.</strong></span> <span class='ocrx_word' id='word_1_148' title='bbox 956 3378 985 3442; x_wconf 84' lang='grc' dir='ltr'><strong>Ι.</strong></span> <span class='ocrx_word' id='word_1_149' title='bbox 1009 3400 1035 3441; x_wconf 88' lang='lat' dir='ltr'><strong>c.</strong></span> <span class='ocrx_word' id='word_1_150' title='bbox 1050 3379 1084 3446; x_wconf 88' lang='grc'><strong>3.</strong></span> 
     </span>
    </p>
   </div>
   <div class='ocr_carea' id='block_1_11' title="bbox 18 3491 1212 3860">
    <p class='ocr_par' dir='ltr' id='par_1_11' title="bbox 18 3491 1212 3784">
     <span class='ocr_line' id='line_1_23' title="bbox 150 3491 1212 3582; baseline 0 -20"><span class='ocrx_word' id='word_1_151' title='bbox 150 3491 326 3580; x_wconf 71' lang='lat' dir='ltr'><strong>Virgilium</strong></span> <span class='ocrx_word' id='word_1_152' title='bbox 337 3499 431 3581; x_wconf 89' lang='lat' dir='ltr'><strong>pueri</strong></span> <span class='ocrx_word' id='word_1_153' title='bbox 445 3498 568 3576; x_wconf 74' lang='lat' dir='ltr'><strong>le..-.nt,</strong></span> <span class='ocrx_word' id='word_1_154' title='bbox 585 3503 622 3562; x_wconf 88' lang='lat' dir='ltr'><strong>ut</strong></span> <span class='ocrx_word' id='word_1_155' title='bbox 634 3497 736 3582; x_wconf 64' lang='lat' dir='ltr'><strong>pocta</strong></span> <span class='ocrx_word' id='word_1_156' title='bbox 747 3517 886 3579; x_wconf 84' lang='lat' dir='ltr'><strong>mugnus</strong></span> <span class='ocrx_word' id='word_1_157' title='bbox 900 3497 1117 3580; x_wconf 89' lang='lat' dir='ltr'><strong>omniumque</strong></span> <span class='ocrx_word' id='word_1_158' title='bbox 1128 3516 1212 3582; x_wconf 84' lang='lat' dir='ltr'><strong>prae·</strong></span> 
     </span>
     <span class='ocr_line' id='line_1_24' title="bbox 106 3595 1211 3684; baseline 0.001 -20"><span class='ocrx_word' id='word_1_159' title='bbox 106 3595 313 3664; x_wconf 83' lang='lat' dir='ltr'><strong>clarissimus</strong></span> <span class='ocrx_word' id='word_1_160' title='bbox 329 3607 430 3684; x_wconf 82' lang='lat' dir='ltr'><strong>atque</strong></span> <span class='ocrx_word' id='word_1_161' title='bbox 452 3599 611 3682; x_wconf 88' lang='lat' dir='ltr'><strong>optimus,</strong></span> <span class='ocrx_word' id='word_1_162' title='bbox 624 3600 743 3664; x_wconf 89' lang='lat' dir='ltr'><strong>teneris</strong></span> <span class='ocrx_word' id='word_1_163' title='bbox 765 3600 936 3664; x_wconf 87' lang='lat' dir='ltr'><strong>imbibitus</strong></span> <span class='ocrx_word' id='word_1_164' title='bbox 958 3600 1144 3676; x_wconf 85' lang='lat' dir='ltr'><strong>nnnis,non</strong></span> <span class='ocrx_word' id='word_1_165' title='bbox 1165 3599 1211 3666; x_wconf 82' lang='lat' dir='ltr'><strong>sa·</strong></span> 
     </span>
     <span class='ocr_line' id='line_1_25' title="bbox 18 3699 629 3784; baseline -0.002 -18"><span class='ocrx_word' id='word_1_166' title='bbox 18 3701 21 3706; x_wconf 76' lang='grc'><strong>’</strong></span> <span class='ocrx_word' id='word_1_167' title='bbox 105 3699 171 3766; x_wconf 83' lang='lat' dir='ltr'><strong>cilo</strong></span> <span class='ocrx_word' id='word_1_168' title='bbox 185 3700 353 3766; x_wconf 86' lang='lat' dir='ltr'><strong>oblivione</strong></span> <span class='ocrx_word' id='word_1_169' title='bbox 371 3701 482 3784; x_wconf 88' lang='lat' dir='ltr'><strong>possit</strong></span> <span class='ocrx_word' id='word_1_170' title='bbox 493 3702 629 3766; x_wconf 84' lang='lat' dir='ltr'><strong>aboleri.</strong></span> 
     </span>
    </p>

    <p class='ocr_par' dir='ltr' id='par_1_12' title="bbox 342 3815 981 3860">
     <span class='ocr_line' id='line_1_26' title="bbox 342 3815 981 3860; baseline 0.002 -1"><span class='ocrx_word' id='word_1_171' title='bbox 342 3815 364 3859; x_wconf 73' lang='lat' dir='ltr'><strong>u</strong></span> <span class='ocrx_word' id='word_1_172' title='bbox 495 3817 518 3860; x_wconf 80' lang='grc' dir='ltr'><strong>ιι</strong></span> <span class='ocrx_word' id='word_1_173' title='bbox 653 3817 676 3860; x_wconf 80' lang='grc' dir='ltr'><strong>ιι</strong></span> <span class='ocrx_word' id='word_1_174' title='bbox 807 3817 828 3859; x_wconf 80' lang='grc' dir='ltr'><strong>ιι</strong></span> <span class='ocrx_word' id='word_1_175' title='bbox 959 3817 981 3860; x_wconf 76' lang='grc' dir='ltr'><strong>ιι</strong></span> 
     </span>
    </p>
   </div>
   <div class='ocr_carea' id='block_1_12' title="bbox 149 3913 1170 4187">
    <p class='ocr_par' dir='ltr' id='par_1_13' title="bbox 149 3913 1170 4187">
     <span class='ocr_line' id='line_1_27' title="bbox 149 3913 1170 4008; baseline 0.006 -29"><span class='ocrx_word' id='word_1_176' title='bbox 149 3913 330 4003; x_wconf 80' lang='lat' dir='ltr'><strong>Sequuntur</strong></span> <span class='ocrx_word' id='word_1_177' title='bbox 340 3920 480 3984; x_wconf 82' lang='lat' dir='ltr'><strong>earmina</strong></span> <span class='ocrx_word' id='word_1_178' title='bbox 496 3918 783 3984; x_wconf 80' lang='lat' dir='ltr'><strong>Grammaticorum</strong></span> <span class='ocrx_word' id='word_1_179' title='bbox 799 3930 828 3985; x_wconf 80' lang='lat' dir='ltr'><strong>et</strong></span> <span class='ocrx_word' id='word_1_180' title='bbox 843 3929 1028 4008; x_wconf 78' lang='lat' dir='ltr'><strong>argumento</strong></span> <span class='ocrx_word' id='word_1_181' title='bbox 1044 3941 1170 4007; x_wconf 84' lang='lat' dir='ltr'><strong>operum</strong></span> 
     </span>
     <span class='ocr_line' id='line_1_28' title="bbox 593 4018 734 4110; baseline 0 -26"><span class='ocrx_word' id='word_1_182' title='bbox 593 4018 734 4110; x_wconf 78' lang='lat' dir='ltr'><strong>Virgilii.</strong></span> 
     </span>
     <span class='ocr_line' id='line_1_29' title="bbox 334 4132 975 4187; baseline -0.002 -4"><span class='ocrx_word' id='word_1_183' title='bbox 334 4139 356 4183; x_wconf 74' lang='lat' dir='ltr'><strong>s</strong></span> <span class='ocrx_word' id='word_1_184' title='bbox 486 4139 509 4184; x_wconf 83' lang='grc' dir='ltr'><strong>ιι</strong></span> <span class='ocrx_word' id='word_1_185' title='bbox 638 4140 662 4187; x_wconf 83' lang='lat' dir='ltr'><strong>rr</strong></span> <span class='ocrx_word' id='word_1_186' title='bbox 792 4132 879 4182; x_wconf 72' lang='lat' dir='ltr'><strong>s·</strong></span> <span class='ocrx_word' id='word_1_187' title='bbox 953 4141 975 4182; x_wconf 71' lang='lat' dir='ltr'><strong>s</strong></span> 
     </span>
    </p>
   </div>
   <div class='ocr_carea' id='block_1_13' title="bbox 0 0 1336 4686">
    <p class='ocr_par' dir='ltr' id='par_1_14' title="bbox 0 0 1336 4686">
     <span class='ocr_line' id='line_1_30' title="bbox 0 0 1336 4686; baseline 0 6"><span class='ocrx_word' id='word_1_188' title='bbox 0 0 1336 4686; x_wconf 95' lang='lat' dir='ltr'><strong> </strong></span> 
     </span>
    </p>
   </div>
  </div>
 </body>
</html>
