2664 4686
302 329 353 378 sn
373 324 543 378 sucinos
567 328 641 378 mu.
666 329 731 378 vn.
976 312 1063 383 ⁴2⁶1

92 479 151 539 cta
162 490 236 537 csse
248 474 330 537 benc
344 473 498 554 memini3
520 471 653 551 sufficit,
676 491 718 537 eu
739 471 924 555 analogium
944 471 1066 540 habere

92 575 140 640 liis
162 575 335 653 similibus,
359 596 435 659 quae
460 576 626 641 Homoms
647 576 684 640 in
706 575 797 641 sucta
818 579 853 640 er
873 594 927 640 res
952 582 1064 658 gestas

92 683 113 741 t.
157 675 294 760 Alioqui
307 683 395 742 recte
409 683 443 741 et
455 678 518 742 hoc
533 682 676 742 sumas:
698 674 832 761 potam
853 677 926 742 luaec
947 695 993 741 ex
1008 694 1066 744 ue·

92 781 341 862 gomuticorum
354 777 455 862 poi'ta
476 783 614 863 accepta
639 776 775 863 lllyssis
796 778 960 843 erroribus
980 780 1065 846 intu-

92 883 247 966 anusque
276 884 377 946 ulium
405 883 440 945 in
466 881 614 945 fabulam
642 881 781 945 ethicam
808 880 882 946 lusco
910 888 1066 952 mutasse.

92 1004 126 1049 in
139 990 191 1048 est
201 990 433 1062 commentum,
443 989 661 1048 commentum
670 987 789 1060 tamen,
799 980 1068 1066 dflaucaruiliii,

92 1085 200 1150 cloca
215 1087 308 1164 adiit,
333 1085 485 1151 inVasis
500 1086 629 1151 Etrusc.
652 1084 693 1149 T.
714 1083 744 1162 l,
767 1104 802 1167 p.
817 1085 872 1161 65,
898 1086 1067 1154 namnids

92 1188 220 1252 abulam
235 1208 279 1252 cx
292 1189 442 1253 locorum
464 1189 575 1267 facie3
597 1188 712 1252 rudere
735 1187 824 1251 euim
846 1188 882 1250 in
903 1187 957 1254 his
981 1189 1067 1255 locis

92 1288 151 1370 gire
174 1287 298 1353 fractos
325 1289 368 1352 ad
390 1289 547 1373 scopulos
568 1290 669 1353 maris
682 1288 814 1366 fluctus,
840 1293 876 1353 ut
889 1290 1017 1355 belluas
1030 1291 1066 1355 ln

92 1389 242 1453 ¹fremere
257 1391 384 1466 credas,
407 1390 443 1453 in
466 1408 553 1473 quus
575 1393 719 1454 mutatos
742 1408 817 1454 esse
839 1392 960 1471 socios,
984 1411 1067 1476 quos

92 1490 180 1569 ubut,
198 1489 337 1574 Ulysses
351 1489 481 1555 medem
494 1492 613 1575 potuit.

92 1591 166 1655 ilius
178 1594 395 1656 narrationem
411 1592 626 1657 Homericam
641 1594 779 1678 copiose
803 1595 847 1658 ab
869 1595 933 1660 hoc
950 1595 1067 1679 politass

92 1693 146 1759 roi
160 1699 332 1759 nectutem
347 1695 462 1760 leuiter
483 1696 613 1778 attigit:
636 1695 707 1774 scd,
731 1716 798 1780 quo
823 1716 860 1761 se
881 1696 1066 1765 Homerum

92 1816 240 1880 superam
261 1795 407 1874 videbat,
433 1816 540 1861 rerum
554 1816 594 1862 ec
613 1798 786 1864 verborum
800 1798 993 1883 dignitatern
1007 1801 1067 1867 ud·

92 1917 138 1981 uu
152 1894 336 1964 Homerica
347 1900 492 1965 namatio
504 1899 702 1968 destituitur.

358 2212 656 2237 Q——u———n

285 2457 661 2551 EXCURSUS
695 2460 750 2538 1.*

118 2680 258 2734 PECTEN
276 2683 324 2732 ΕΤ
340 2686 451 2734 ursula
468 2683 511 2734 IN
528 2683 692 2739 Annuus
707 2684 904 2738 ΤΕΧΤΒΙΝΑ.

94 2830 149 2896 14.
173 2830 320 2914 ‘Arguto
342 2837 456 2898 tenues
480 2853 668 2917 percurrens
693 2836 827 2918 pectine
847 2834 953 2901 telas·
996 2836 1066 2905 Ex·

92 2953 133 2999 us
156 2935 264 2999 uirum
287 2934 432 3013 doctum,
459 2938 516 3019 qui
531 2945 610 3019 post
624 2936 822 3002 Salmasium
835 2944 870 3003 et
883 2939 1067 3009 Bruanium

115 3041 261 3100 veterum
284 3038 473 3121 textrinam,
500 3057 523 3100 a
545 3042 661 3101 nostra
684 3043 753 3101 arte
773 3040 919 3102 textoria
932 3047 1001 3104 tam
1016 3041 1066 3108 di-

92 3185 101 3215 ,
125 3155 201 3200 curn
218 3137 302 3219 jugo
326 3137 406 3201 olim
430 3143 587 3216 astarent,
607 3136 665 3221 qui
689 3142 847 3214 texerent,
873 3144 975 3204 etex
996 3140 1065 3209 alto

91 3259 114 3302 n
136 3237 317 3321 penderent
342 3239 494 3317 stamina,
520 3243 738 3321 recognoscet
759 3243 793 3302 ct
820 3245 966 3322 exponat
993 3240 1067 3308 dili·

98 3360 108 3405 t
130 3360 200 3404 rem
215 3359 274 3423 per
288 3360 325 3403 sc
340 3342 529 3419 obscuram,
544 3341 648 3405 multo
662 3340 766 3424 magis
780 3345 966 3424 propterea,
978 3342 1068 3426 quod
1145 3326 1157 3335 ‘¹

92 3442 205 3506 aratio
221 3440 352 3506 texendi
367 3441 438 3506 suit.
484 3441 591 3507 Etiam
616 3441 742 3506 Pollux
765 3440 982 3523 antiquiorem
1006 3444 1067 3510 ali-
1111 3514 1117 3525 ,

92 3544 235 3607 ationem
249 3549 353 3621 norat,
376 3543 486 3608 verbis
498 3543 587 3606 enim
609 3544 687 3605 κατὰ
708 3544 757 3619 τὴν
772 3536 901 3626 ἀρχαίαν
914 3544 1069 3623 ὑφαντικὴν

92 3644 131 3707 lb.
148 3662 216 3721 vu,
241 3663 269 3708 s.
286 3645 341 3721 ³6,
368 3664 481 3708 verum
502 3647 639 3728 apponit
652 3645 707 3708 ille
722 3646 822 3708 verba
836 3645 906 3709 sinc
918 3646 1068 3735 explica·

92 3767 167 3831 quac
188 3767 251 3812 nec
276 3749 354 3831 ipsa
367 3749 505 3812 cundem
520 3749 641 3832 ubique
655 3768 751 3812 usum
765 3747 906 3813 habuere
919 3770 929 3828 ς
952 3749 1068 3814 eadem

92 3858 213 3915 mmnnt
237 3851 271 3912 in
295 3850 509 3933 scriptoribus
529 3855 588 3914 aut
602 3849 758 3936 adjuncta
770 3867 837 3916 non
849 3851 984 3928 habent,
1010 3855 1069 3917 aut

92 3954 179 4016 mico
205 3950 297 4015 (licta
315 3952 397 4015 nihil
423 3951 601 4017 definiunt:
629 3972 662 4016 v.
688 3971 718 4015 c.
743 3952 777 4015 in
801 3951 942 4015 Theoor.
966 3949 1066 4037 Idyll.

92 4052 146 4120 83.
160 4054 216 4117 34.
240 4051 326 4116 (lum
341 4059 449 4117 noster
462 4073 576 4118 versus
590 4071 770 4117 conversus
783 4052 825 4115 sit
839 4071 882 4115 cx
898 4049 1067 4119 Homero:

92 4162 174 4222 rest
198 4153 313 4245 nugalia
336 4160 370 4220 et
396 4153 549 4247 pectinem
573 4173 647 4220 csso
675 4152 790 4219 codem
811 4168 918 4215 ceusu
946 4149 1068 4221 dictos.
