2664 4686
463 344 515 393 su
537 340 706 395 assinos
718 323 810 398 brus
826 347 866 394 ιι.
1126 327 1212 397 tlol

108 489 214 559 uiarul
234 491 312 557 sumt
332 489 551 573 exprimendi.
595 478 758 571 Virgilius
771 507 850 553 vero
865 487 975 554 omnia
989 487 1033 554 ad
1057 494 1213 559 aurorem

109 592 226 658 merra
239 596 273 656 et
286 591 400 656 debuit
410 597 443 655 et
456 592 571 657 voluit.
616 591 762 669 Scilicet,
778 591 867 674 quod
876 590 950 675 jam
961 591 1030 656 alio
1039 591 1115 656 loco
1129 590 1212 671 (An-

109 693 234 779 tiquar.
248 689 509 774 Abbundluugen
535 708 563 756 ιι
590 691 639 758 St.
657 698 724 775 pr.)
747 711 769 756 a
791 711 846 756 me
867 693 1025 759 monitum
1047 697 1108 771 est,
1136 712 1213 759 cum

110 794 217 859 multa
231 793 397 858 subtiliter
411 798 445 857 et
458 798 554 859 acute
568 814 668 878 super
682 794 872 859 laocoome
886 793 1058 878 disputata
1071 795 1148 874 sint,
1162 796 1212 859 in·

64 914 71 921 ·
110 895 233 979 primis
247 914 346 978 super
365 895 610 977 comparatione
632 895 787 959 carminis
801 900 835 960 et
849 895 1112 979 symplegmatis,
1138 901 1214 962 sunt

110 996 524 1079 tameu·pleraque·are·et
542 1015 564 1060 a
588 997 691 1080 polita
714 997 833 1062 abeno.
878 996 992 1060 Inauis
1015 1003 1085 1061 erat
1098 997 1213 1082 dispu-

111 1087 195 1164 tatio
209 1098 327 1176 omnis,
349 1101 457 1161 utrum
480 1096 602 1161 artifex
624 1097 836 1180 poetam,:an
859 1095 915 1162 hic
941 1097 1119 1177 artificem,
1138 1104 1214 1165 ante

113 1200 227 1265 oeulos
239 1199 409 1277 habuerit;
431 1202 534 1261 restat
547 1198 634 1261 enim
657 1199 797 1276 tertium,
820 1197 909 1281 quod
929 1217 1042 1263 verum
1062 1204 1124 1276 est,
1156 1200 1214 1266 ba-

113 1299 223 1363 buisse
236 1306 413 1382 utrumque
433 1299 582 1364 diversas
597 1304 747 1364 auctores
769 1318 854 1384 quos
880 1306 1069 1385 sequeretur
1078 1322 1090 1380 ;4
1109 1301 1213 1368 fuisse

110 1421 244 1486 quoque
256 1403 426 1484 utriusque
440 1401 615 1466 consilium
628 1401 727 1484 plane
740 1400 923 1467 diversum:
947 1401 1027 1466 alter
1049 1403 1134 1467 euim
1149 1403 1214 1469 hoc

110 1500 238 1566 efficere
249 1499 371 1577 voluit,
391 1506 430 1565 ut
442 1501 682 1565 miserationem
696 1507 855 1580 moveret,
878 1503 959 1568 alter
973 1508 1095 1585 autom,
1112 1501 1211 1589 Maro

110 1607 231 1684 noster,
254 1606 293 1667 ut
317 1607 484 1667 terrorem.
529 1602 619 1668 Haec
639 1604 670 1666 si
691 1604 974 1682 animadverteris,
1009 1610 1046 1668 ut
1059 1603 1213 1688 sepelit,-

110 1720 205 1769 omne
218 1722 362 1768 acumen
376 1704 540 1772 concidit:
561 1702 647 1768 redit
655 1725 709 1770 res
718 1704 763 1769 ad
777 1694 940 1774 summam
955 1706 1213 1789 simplicitatem.

510 2001 788 2023 ananum—...-

406 2240 916 2331 Excuasns.vl1.'

295 2445 413 2499 nouus
428 2442 616 2495 uncrinus
632 2443 675 2493 ru
691 2441 820 2493 aaran
837 2409 1030 2498 rannerus.

155 2634 198 2712 il,
221 2632 288 2698 237
301 2651 376 2717 sqq.
400 2631 563 2696 ‘Scandit
587 2630 697 2695 fatalis
719 2630 874 2696 machina
888 2631 1011 2698 muros’
1029 2637 1093 2698 etc.
1138 2632 1220 2699 Nou

110 2737 198 2801 male
211 2736 297 2813 baec,
319 2735 389 2800 sine
409 2734 511 2798 dubio
534 2754 553 2798 e
576 2740 685 2798 vetere
710 2731 823 2817 poeta,
846 2741 998 2800 ornantur
1020 2734 1111 2819 apud
1133 2733 1217 2820 Try-

109 2837 224 2923 pbiod.
238 2857 273 2902 v.
288 2836 354 2902 318
367 2856 439 2920 sqq.
483 2833 599 2899 Pallas
624 2835 671 2898 ibi
693 2832 776 2918 'ipsa
800 2833 931 2918 Equum
950 2837 1098 2927 impellit,
1126 2835 1216 2901 Jnno

90 2943 222 3033 „auem
234 2943 268 3003 et
281 2935 459 3021 Neptunus
479 2941 585 3019 portae
601 2955 795 3019 compagem
810 2936 936 3001 laxant.
980 2936 1149 3002 Priamum
1167 2938 1218 3020 ip·

109 3058 185 3104 sum
197 3037 378 3104 inducendi
391 3043 556 3102 auctorem
571 3036 687 3114 fuisse,
711 3039 773 3102 etsi
795 3035 986 3101 Cassandra
1007 3038 1217 3115 reclamante,

111 3139 172 3204 alii
191 3138 411 3220 tradideraut;
434 3146 470 3203 ut
493 3159 537 3203 ex
561 3137 698 3222 Hygino
714 3136 738 3201 s.
755 3137 818 3202 108
833 3138 1031 3220 intelligitur.
1076 3135 1217 3200 Omnino

110 3241 223 3324 plures
235 3239 319 3304 banc
342 3238 713 3304 narrationem'ornandi
728 3237 830 3314 modi,
854 3237 958 3302 variis
972 3238 1068 3302 novis
1083 3235 1218 3303 casibus

111 3360 153 3407 uc
177 3341 349 3405 miraculis
372 3360 479 3405 rerum
501 3340 648 3417 intextis,
671 3338 762 3423 apud
786 3345 913 3404 veteres
929 3338 1033 3404 fuisse
1046 3338 1217 3418 videntur3

111 3459 190 3506 cum
213 3441 271 3506 illa
293 3461 327 3527 a·
343 3441 545 3506 tenuissimis
571 3439 675 3504 initiis
698 3438 847 3523 profecta
868 3438 975 3521 esset3
1002 3459 1035 3502 v.
1057 3459 1131 3522 sup.
1149 3438 1219 3503 Ex-

112 3562 200 3608 curs.
217 3560 275 3608 111.
300 3544 324 3608 J
326 3563 380 3607 am
389 3542 513 3628 Odyss.
531 3550 568 3620 Θ,
579 3540 793 3626 4921ssst
809 3541 1041 3608 Demodocum
1055 3540 1218 3606 hortatur:

110 3645 195 3706 Ἀλλ’
221 3644 279 3729 ἄγε
308 3645 350 3724 tl,
380 3642 518 3726 μετάβηθι
546 3644 594 3706 nai
618 3645 702 3706 ἵππου
732 3642 837 3724 κόσμον
860 3645 955 3707 ἄεισον
979 3640 1149 3728 Δουρατίου,
1173 3642 1220 3704 τὸν

112 3747 222 3821 'Druck
241 3744 365 3835 ἔτοξησεν
388 3745 439 3809 σὺν
459 3744 569 3832 Ἀθήνῃ,
584 3742 641 3809 ‘'Ot
659 3746 720 3809 ποτ’
743 3747 769 3819 ὗς
792 3742 943 3831 ἀκρόπολιν
957 3743 1035 3808 δόλον
1050 3745 1146 3831 ἤγαγε
1167 3744 1221 3816 δῖος

112 3846 274 3926 Ὀδυσσεὺς,
296 3844 413 3931 Ἀνδρῶν
427 3846 586 3929 laabim,
607 3843 632 3908 oi
650 3843 742 3910 Ἴλιον
756 3845 952 3923 ἰξαλᾶπαέαν.
997 3846 1081 3911 Inde
1097 3846 1221 3910 Demo·

115 3948 191 4014 doci
224 3951 338 4033 ipsum
371 3968 503 4013 carmen
530 3948 704 4034 subjicitur
725 3968 759 4013 v.
784 3950 970 4026 ooo-520,
996 3949 1119 4029 inquo
1139 3943 1222 4008 nibil

116 4048 275 4133 estquod
303 4048 483 4114 admodum
497 4048 674 4133 improbes.
718 4048 767 4115 At
780 4070 909 4115 omnem
928 4042 1100 4119 πιθανότητα
1112 4060 1223 4125 egres·

118 4165 170 4216 tus
194 4156 248 4217 e'st
277 4149 447 4217 Homerus
469 4151 505 4215 iu
527 4149 666 4216 notabili
693 4150 844 4235 episodio
873 4149 915 4214 de
937 4145 1071 4212 Helena
1090 4141 1226 4232 Fanum,
