2664 4686
508 335 542 383 r.
568 310 746 389 veneten.
972 334 975 343 ·
1088 326 1177 392 44oe

49 502 108 530 n·-
124 470 238 535 Aldina
252 472 394 552 Operum,
419 493 487 535 com
511 474 594 537 Pauli
621 479 748 539 Munatii
774 479 986 551 notationibus,
1007 490 1038 542 et
1063 481 1175 561 figaris.
1269 500 1273 509 ’

53 604 57 609 -
107 562 376 640 Venetiis‚”Aldus.
392 586 579 633 asuaxxxv.
593 582 623 634 8.
666 575 820 635 Reuousrd
835 575 941 635 Aaou.
956 575 1046 636 Tora.
1062 593 1086 639 ι.
1105 598 1176 659 pag.

53 790 110 811 ο-
125 761 241 839 Opera.
253 762 391 831 Venetiis,
407 763 486 840 apud
501 764 549 822 Jo.
567 764 747 843 Gryphium.
772 767 825 825 sol.
867 767 1016 844 Repetitio
1040 766 1175 828 editionis

42 904 50 914 .
109 859 190 917 Ven.
204 859 285 937 apud
299 860 420 918 Scotum
438 868 522 920 1544.
544 870 575 920 et
596 880 646 940 ap.
672 863 824 922 Bouelluat
850 871 936 925 1558.
978 864 1082 942 Heyne
1106 884 1173 944 pag.

44 1000 54 1012 .
110 969 258 1014 ccxxtv.

57 1082 107 1095 -
125 1051 236 1127 Opera,
251 1071 321 1110 cnut
336 1051 447 1130 figuris,
455 1054 530 1113 notis
541 1055 695 1127 variorum,
706 1065 737 1115 et
745 1055 829 1133 praet'.
841 1055 916 1116 Pbil.
928 1057 1174 1119 Melaoclrtbouis.

110 1146 256 1206 Coloniae.
286 1156 313 1206 8.

59 1274 111 1287 -
128 1242 341 1320 Georgicorum
357 1244 423 1303 libri
437 1261 484 1303 tv.
507 1265 577 1304 cum
591 1220 721 1337 versiboe
741 1248 919 1308 Gemanica
941 1249 1044 1328 Stepb.
1068 1247 1174 1308 Riecii.
1277 1255 1282 1260 “

111 1337 298 1415 Erpbordiae.
324 1346 353 1398 8.
874 1356 878 1363 ’

63 1432 154 1496 1586
174 1434 381 1494 Palmauniana
401 1453 433 1495 ν.
455 1438 599 1516 Operum,
618 1457 654 1496 ex
675 1439 793 1498 'lbeod
819 1440 971 1499 Pulmanoi
995 1441 1174 1501 recensione.

107 1530 292 1606 Autrerpire,
319 1531 398 1608 apud
422 1533 594 1611 Christoph.
618 1534 799 1594 Plautinum.
827 1535 875 1595 16.
917 1537 971 1595 Est
985 1537 1048 1594 baec
1066 1537 1113 1596 ed.
1134 1537 1174 1597 ab

110 1625 179 1702 ipso
192 1627 329 1686 Plautino
343 1627 481 1706 iuscripta
495 1629 617 1695 Laevino,
627 1627 806 1688 Torrentiuo
821 1632 910 1690 Antv.
933 1646 972 1691 tt.
997 1647 1030 1690 n.
1054 1648 1173 1695 xxcvl.

110 1722 182 1782 xit.
193 1723 349 1783 ianuariis.

59 1850 110 1864 -
135 1817 396 1879 ilenrico-Petrina
423 1836 468 1878 tv.
491 1821 623 1897 Operum
645 1840 713 1880 oum
738 1830 894 1881 comment.
914 1822 985 1882 Tib.
1010 1823 1119 1883 Donati
1144 1833 1175 1882 et

105 1913 212 1985 Servii,
225 1925 337 1976 etcum
358 1917 435 1976 notis
458 1919 614 1978 variorum.
657 1918 818 1989 ‘Basileae,
842 1918 929 1995 apud'
946 1919 1173 1996 Henricopetri.'

107 2009 167 2070 fol.
205 2011 379 2079 Vid.1575.
429 2052 433 2059 -

57 2138 109 2155 -·
126 2107 159 2165 P.
174 2106 293 2185 Vergilii
304 2106 472 2177 Bucolicoa,
487 2106 658 2185 Georgicon
670 2115 701 2165 et
721 2106 859 2165 AEneidos
874 2125 981 2167 vocum
992 2106 1123 2164 omnium
1137 2126 1173 2167 ac

106 2201 198 2279 sylvae
223 2221 318 2262 rerum
351 2203 444 2262 lodex
463 2205 545 2280 (Nic.
580 2204 733 2282 Erythraeo
760 2203 894 2270 auctore)
913 2201 953 2259 ab
980 2203 1051 2265 Ant.
1078 2201 1174 2261 Maria

108 2298 214 2369 Basso,
229 2301 428 2370 Cremonensi,
451 2298 760 2368 incommodatos,
776 2307 809 2356 ut
830 2297 997 2374 Vergilianis
1016 2297 1099 2358 libris
1122 2317 1174 2356 cu-

80 2394 275 2473 juscunque
302 2395 496 2474 impressionis
517 2395 603 2455 facile
626 2394 745 2454 serviat:
781 2393 984 2453 annotationes
1018 2403 1171 2471 praeterea,

98 2508 180 2567 qut
193 2491 302 2570 passim
324 2493 352 2550 iu
375 2491 499 2552 eliorum
514 2493 656 2551 librorum
672 2488 851 2568 marginibus
872 2490 1009 2567 ascriptae
1029 2498 1120 2560 erant,
1142 2489 1172 2548 in

109 2586 172 2644 troc
185 2587 224 2645 ab
238 2587 343 2669 eodem
359 2588 491 2647 inunum
507 2589 641 2647 collectae
660 2588 804 2665 leguntur.
846 2585 987 2657 Venetiis,
1002 2604 1055 2663 per
1070 2585 1173 2645 Dami-

105 2699 197 2747 auum
211 2681 373 2743 Zeoarium.
395 2694 422 2744 8.
454 2684 559 2743 'Catal
574 2684 651 2744 Bibl.
667 2685 739 2762 llcg.
749 2683 840 2743 Paris.
857 2685 960 2743 Po'e'tes
975 2702 1005 2742 o.
1020 2688 1090 2741 885.

60 2808 106 2823 ·-
126 2777 339 2855 Georgicorum
351 2787 417 2856 post
428 2798 529 2838 omnes
539 2778 669 2839 omnium
684 2776 947 2838 commentationes
968 2797 1028 2839 nou
1041 2785 1173 2838 content-

105 2871 204 2931 nenda
223 2874 487 2933 enarratio-edita
501 2875 598 2933 studio
623 2877 716 2953 Greg.
740 2872 891 2934 Bersmaui
916 2874 1170 2953 Aunrebergeusis.

78 2970 290 3029 “Servestae.
317 2970 491 3029 Excudebet
512 2971 624 3028 Bonan.
660 2970 773 3028 Faber!
808 2978 837 3029 8.
893 2969 944 3027 Est
963 2987 1000 3026 ea
1025 2969 1170 3028 enarratio

102 3072 205 3142 po'etae
224 3064 254 3123 in
271 3066 429 3125 Academia
444 3062 731 3143 Lipsiensi'publicis
752 3062 931 3124 lectionibus
954 3063 1044 3121 facta.
1087 3064 1171 3122 llere·

105 3162 209 3220 marius
233 3170 295 3221 turn
323 3163 489 3242 Gymnasio
510 3163 685 3222 Serrestaoo
711 3159 815 3219 illustri
841 3168 977 3238 praeerat,
1002 3177 1070 3217 cum
1094 3158 1170 3219 banc

103 3255 207 3315 ederet
217 3266 327 3334 partem
339 3259 459 3335 primam
472 3258 501 3315 in
515 3257 567 3315 lib.
579 3258 689 3336 Georg.
706 3273 729 3317 t.
744 3265 773 3315 et
789 3272 828 3314 11.

63 3358 145 3419 1587
162 3367 171 3385 ·
187 3353 293 3412 Junioa
313 3354 548 3433 Philargyrinsiu
561 3354 701 3414 Bucolica
712 3362 742 3413 et
752 3351 897 3431 Georgica
910 3349 1034 3429 Virgilii,
1044 3350 1172 3429 primurn

104 3445 216 3524 prodiit
228 3447 389 3526 adjunctus
410 3459 418 3484 ⁴
432 3448 638 3510 Fulvi‘rUreini
660 3449 734 3510 uotis
747 3448 786 3508 ad
798 3449 953 3519 Catonem,
967 3449 1127 3507 Varronem
1143 3449 1173 3508 lt

104 3541 325 3604 Columellam!
354 3547 468 3605 Romae.
491 3556 519 3608 8.
563 3546 655 3606 Notat
682 3545 712 3604 iu
739 3545 858 3624 praefat.
885 3544 948 3623 ipse
977 3544 1111 3615 Ursinus,
1140 3543 1171 3604 id

102 3638 187 3716 quod
202 3659 247 3700 res
261 3640 361 3712 docet,
382 3661 441 3701 non
455 3656 520 3702 esse
534 3643 679 3719 integrum
693 3641 773 3701 Junii
795 3639 970 3719 Philargyrii
993 3648 1172 3700 commeata-

104 3735 192 3805 rium,
214 3735 266 3795 sed
291 3748 431 3816 excerpta
445 3749 557 3798 tuntum
574 3738 709 3816 quaedam
734 3758 772 3799 es
794 3758 845 3798 eo:
873 3757 940 3815 quae
961 3755 1030 3794 cum
1055 3735 1171 3813 legisset

103 3830 155 3890 ille
167 3830 274 3892 inserta
288 3833 451 3911 fragmento
461 3824 658 3894 vetustissimo
668 3833 815 3904 Serviano,
826 3832 919 3910 (quod
934 3832 1003 3890 olim
1016 3831 1072 3909 ipsi
1080 3829 1171 3889 literis

103 3928 337 4006 longobardicis
350 3940 501 3992 arantum
516 3932 597 3992 dono
617 3929 737 3990 dederat
751 3929 858 3990 Paulus
880 3927 1033 3988 Manutius
1054 3925 1171 3985 favente

49 4066 52 4071 ·
102 4024 184 4084 Aldo
207 4023 409 4101 lilio).nullius
431 4037 530 4087 autem
552 4023 872 4106 interposito-auctoris
891 4024 1008 4085 nomine
1031 4019 1171 4095 discreta,

101 4120 154 4180 sed
180 4141 198 4180 a
222 4122 367 4185 Servianis
380 4123 615 4200 expositionibus
633 4131 749 4182 tantum
774 4121 820 4180 lais
844 4120 929 4180 notis·
941 4118 1086 4195 sejuncta,
1101 4123 1117 4164 ·‘
1132 4118 1172 4179 Et
1212 4178 1219 4185 ,

102 4217 213 4292 aliter?
241 4219 350 4301 reperit
375 4219 483 4284 deiude
504 4219 536 4282 ia
559 4219 690 4301 margine
712 4217 836 4282 Codicis
854 4213 1001 4296 virgiliani
1023 4213 1171 4295 exscripta
