2664 4686
199 267 328 373 ΑΜ·
634 307 830 360 uacuam
851 308 888 356 v.

59 452 72 461 ’
198 456 566 545 cujusgenerismultae
589 454 1107 537 suntgommoesunrmaarris3
1133 453 1328 521 antaee:

197 563 241 624 ab
255 562 430 624 imitatrice
447 578 559 635 manu,
573 561 675 624 etiam
693 576 718 621 a
741 557 903 641 Lipperto
924 561 958 621 et
975 554 1104 621 Tassio
1116 574 1291 640 exprm,

196 680 282 744 quas
301 662 356 726 hic
380 656 634 726 commemorare
658 654 797 721 necasse
815 676 882 721 nou
904 662 968 721 est.
1012 654 1187 738 Agebatrrr
1207 668 1290 722 a'ne

195 768 320 827 tanbrm
333 763 408 840 boc,
416 769 454 826 ut
460 761 664 825 nobilitatem
675 758 937 823 etcelebritatem
949 757 1073 824 fabulae
1086 758 1288 825 &claram

197 863 309 929 Unum
333 866 510 946 attingam:
544 860 789 927 Commemorat
810 867 921 924 noster
942 880 1031 923 cesos
1045 857 1184 923 custodes
1197 857 1286 922 ucis:

195 969 313 1032 visitur
345 972 455 1030 autem
491 965 527 1028 in
561 981 692 1045 gemma
728 960 937 1026 Dioscoridis
971 960 1121 1043 aliisque
1155 965 1285 1044 prom·

196 1076 265 1133 tum
287 1071 321 1133 in
344 1075 433 1133 terra
452 1072 487 1132 et
507 1066 701 1130 obvolutum
725 1082 846 1146 corpus
869 1062 922 1148 (in
942 1079 1011 1126 una
1029 1080 1164 1143 geum
1189 1061 1284 1128 limet

195 1167 340 1234 Florent.
353 1170 478 1232 nudum
492 1160 725 1248 conspicitur).
761 1162 965 1228 Alcathoum
977 1179 1052 1225 esse
1064 1161 1283 1243 pmbabilett,

194 1291 292 1354 quem
306 1290 432 1337 caesum
446 1271 515 1333 edit
528 1267 674 1346 Quintus
688 1283 729 1344 Χ,
743 1265 818 1331 352.
852 1263 960 1330 Porro
973 1264 1009 1327 in
1022 1262 1200 1326 columella
1210 1269 1284 1328 astat

193 1371 321 1454 signum
334 1373 437 1455 paulo
451 1371 642 1434 obscuriore
652 1368 776 1450 specie,
789 1366 889 1449 vulgo
897 1383 958 1448 pro
967 1362 1126 1427 Minerva
1138 1363 1281 1439 habitum,

194 1472 294 1536 etiam
316 1492 339 1535 a
360 1470 653 1547 Winckelmann'03
683 1485 769 1531 nunc
791 1466 930 1530 aliarum
946 1481 1149 1546 gemmarum
1162 1480 1282 1545 compr·

193 1573 321 1638 ratione
343 1572 540 1638 intellectum
565 1575 629 1648 est,
650 1566 821 1653 Apollinis
845 1566 880 1631 id
903 1585 980 1632 esse
995 1562 1153 1651 ronro‘wo
1167 1580 1280 1630 wuar-

195 1672 287 1758 rptp'ov
300 1674 531 1760 Trojanorum.

605 1949 891 1969 *-

507 2111 886 2191 EXCURSUS
925 2111 975 2193 V..

591 2299 642 2350 DE
658 2297 889 2353 Laocoonrn

238 2471 277 2531 ιι,
300 2452 375 2518 199.
399 2451 496 2516 ‘Hic
521 2453 613 2519 aliud
626 2454 735 2537 majus
753 2455 882 2518 miseris
906 2453 1075 2537 multoque
1091 2451 1283 2520 bemmdum

192 2552 356 2637 Objicitur
366 2553 484 2634 magis,
498 2559 597 2636 atque
611 2552 800 2635 improvida
813 2558 953 2636 pectora
964 2553 1094 2618 turbat:
1114 2548 1283 2621 Iaocoon’

191 2653 348 2735 Sequitur
361 2651 451 2734 apud
463 2651 601 2733 poetam
613 2653 710 2717 locus
731 2654 784 2718 vel
806 2655 940 2736 nuperis
961 2653 1109 2718 virorum
1122 2654 1286 2720 doctorum

192 2752 472 2833 disputationibus
485 2753 725 2833 nobilissimus,
747 2760 781 2821 et
794 2774 818 2819 a
830 2753 974 2838 Virgilio
989 2775 1121 2822 summa
1135 2777 1212 2822 cum
1225 2762 1287 2822 aa

190 2857 373 2932 tractatus;
396 2872 497 2936 super
512 2874 579 2937 quo
589 2861 622 2919 et
634 2857 732 2922 nobis
745 2857 847 2921 liceat
863 2859 984 2941 partim
998 2857 1040 2922 de
1054 2858 1168 2943 poiitre
1181 2859 1287 2924 invar-

191 2953 245 3031 tis,
268 2960 326 3017 aut
340 2953 425 3043 uncle
438 2955 493 3019 ille
507 2956 726 3021 narrationem
749 2958 889 3042 ejusque
913 2944 1102 3024 ornamenta
1114 2960 1287 3045 acceperit,

187 3056 309 3143 partim
323 3056 363 3119 de
382 3054 549 3122 Vaticano
572 3059 689 3124 similis
713 3063 894 3144 argumenti
914 3063 1009 3144 signo
1032 3081 1194 3146 quaerere,
1214 3080 1287 3126 num

190 3157 221 3220 ei
236 3158 416 3242 quicquam
441 3180 516 3224 cum
535 3160 635 3244 poeta
660 3183 834 3228 commune
857 3165 913 3229 sit.
959 3164 1025 3229 Sed
1050 3165 1095 3228 ad
1117 3169 1287 3250 utramque

188 3260 403 3338 quaestionem
418 3261 501 3323 satis
514 3262 669 3345 expedita
683 3263 752 3327 sore
775 3265 903 3330 videtur
928 3266 1115 3350 responsio,
1138 3265 1170 3330 si
1184 3265 1286 3333 vider·

186 3356 286 3434 imus,
309 3359 366 3439 qui
380 3359 438 3421 alii
461 3360 572 3443 potitae
595 3369 721 3428 veteres
741 3364 889 3432 fabulam
903 3369 944 3432 de
963 3368 1159 3433 Laocoonte
1173 3370 1286 3432 tracte·

187 3455 262 3531 rint,
285 3463 318 3521 et
331 3461 484 3526 ornarint.

228 3556 272 3620 Et
286 3561 426 3640 primurn
442 3565 578 3645 quidem
589 3570 680 3632 varie
689 3569 823 3634 omnino
835 3572 914 3635 olim
924 3592 944 3636 a
956 3576 1060 3639 variis
1069 3578 1286 3645 narrationem

185 3658 270 3723 banc
286 3680 357 3723 csse
372 3668 558 3746 tractatam,
579 3670 635 3733 vel
658 3691 702 3760 eor
727 3674 904 3738 serioribus
928 3677 1148 3759 scriptoribus
1172 3678 1285 3745 intelli·

183 3763 303 3845 gimus,
327 3767 384 3847 qui
398 3769 476 3831 nihil
501 3771 589 3834 aliud
612 3773 732 3839 secisse
752 3774 904 3857 putandi,
927 3797 1027 3860 quam
1050 3787 1087 3844 ut
1102 3782 1285 3864 superiores

183 3871 335 3929 auctores
351 3873 408 3930 aut
424 3871 582 3935 serviliter
597 3874 801 3958 imitarentur
820 3882 877 3941 aut
890 3879 1125 3946 exscriberent.
1173 3882 1285 3967 Expo-

182 3972 265 4029 nunt
294 3974 403 4032 autem
433 3970 482 4034 illi
509 3975 728 4042 narrationem
752 3976 795 4042 de
818 3977 1013 4045 Laocoonte
1034 3983 1173 4067 copiose
1192 3987 1224 4050 ot
1248 3982 1281 4049 in

183 4066 297 4161 multis
311 4068 450 4138 diverse.
970 4079 977 4082 ’
