2664 4686
444 340 496 389 nn
517 340 692 390 nnnrnos
715 340 788 389 mr.
812 342 869 390 111.
1120 326 1208 395 4133

92 500 189 567 xm,
214 487 284 554 429
305 486 401 567 ‘Est
423 488 482 552 ubi
507 486 612 579 ibojn
635 488 709 566 fuit,
733 488 889 573 Pbrygiae
915 488 1083 554 contraria
1098 489 1208 569 tellus,

92 588 265 655 Bistoniis
278 589 428 653 habitatu
440 588 545 666 viris,'
558 596 623 654 etc.
666 589 732 653 Sed
747 591 782 654 in
797 588 1004 655 Chersoneso
1014 589 1208 675 Polymnu-

92 693 179 757 toris
195 691 312 755 sedem
326 691 429 756 fuisse
442 692 586 756 dubitari
606 694 729 775 nequit.
772 691 818 756 V.
835 692 949 775 Eurip.
975 691 1121 757 Hecuba
1142 694 1208 760 569
1296 724 1302 733 =

94 810 195 877 sqq.;
218 813 296 857 nam
318 792 439 858 iisdem
457 794 543 858 locis
566 792 711 861 Hecube.
722 794 761 859 iu
773 813 890 859 cenem
904 793 968 858 suit
980 800 1117 859 mutata.
1163 793 1207 860 Et

94 892 311 979 Cynossema
324 901 395 961 erat
407 895 450 959 ud
466 894 719 980 Hellespontum
734 895 824 980 apud
841 894 982 959 Sestum.
1021 893 1067 958 V.
1083 895 1210 963 Pollux

95 1012 131 1075 v,
144 1000 179 1062 5.
225 998 340 1081 Intpp.
364 996 477 1081 Stepb.
502 998 642 1082 Byzant.
669 996 713 1062 ud
735 999 768 1061 b.
793 1018 826 1061 v.
851 995 971 1061 Cellar·
996 995 1119 1079 Geogr.
1140 1006 1207 1065 unt.

96 1096 253 1164 Etsinon
266 1099 408 1176 defuere,
433 1100 491 1182 qui
505 1100 588 1165 etin
604 1099 669 1164 boc
689 1098 926 1183 discreparent,
949 1101 999 1164 uti
1023 1098 1146 1184 Dictys
1168 1116 1206 1177 v,

96 1199 156 1277 lo,
181 1200 242 1265 sed
265 1202 308 1266 dc
331 1201 496 1266 communi
517 1200 594 1277 lide,
621 1220 723 1284 qnam
746 1200 858 1285 po'dtm
880 1201 986 1264 secuti
1005 1205 1093 1278 sunt,
1118 1219 1206 1265 nunc

95 1310 273 1469 'agazi
286 1408 396 1470 eutem
409 1403 574 1486 Virgilius
587 1404 622 1467 iu
641 1402 706 1469 boc
723 1405 964 1471 consentientes
985 1378 1161 1489 plerosque
1186 1420 1206 1468 e

92 1500 263 1597 'Romanis
283 1504 513 1588 scriptoribus.
559 1503 653 1568 Mela
676 1520 718 1582 11,
741 1505 765 1571 2
786 1504 946 1570 ‘Eximio
967 1512 1017 1570 est
1038 1505 1145 1589 AEnos
1161 1506 1206 1571 ab

95 1602 206 1669 Μ
228 1604 370 1689 profirgo
395 1603 550 1669 condita?
572 1604 784 1685 Plin.1V,ll
805 1603 878 1669 ‘Os
893 1605 1206 1691 Hebri—oppidum

93 1700 206 1771 filos
233 1706 372 1771 liberum
398 1725 475 1770 cum
500 1705 659 1789 Polydori
682 1706 818 1784 tumulo,
847 1704 1010 1771 Ciconum
1039 1703 1206 1789 quondum

93 1804 218 1889 mio&
239 1806 327 1871 udde
341 1806 446 1872 Solin.
461 1827 490 1871 c.
507 1806 561 1884 10,
577 1813 611 1870 et
623 1806 671 1870 ibi
685 1806 830 1871 Ssbnus.
844 1808 1042 1873 miscentem
1054 1826 1109 1887 ec,
1126 1826 1204 1893 quoe

94 1908 249 1991 apponit
292 1906 405 1988 Etiam
428 1905 595 1972 Ammian.
619 1922 722 1985 xxu,
746 1907 779 1986 8,
802 1909 859 1973 ubi
873 1927 906 1973 v.
922 1905 1040 1981 Voles.
1054 1907 1097 1975 cf·
1112 1906 1205 1977 Serv·

93 2006 141 2073 nd
154 2024 216 2087 ιιι,
229 2009 251 2073 1
266 2009 366 2075 et17.
410 2008 486 2073 Nec
505 2013 617 2073 tumen
639 2007 744 2093 polita
766 2009 867 2094 hujus
892 2004 1068 2092 opinionis
1086 2014 1203 2075 nuctor

92 2112 146 2173 cst
159 2108 339 2191 putandus,
360 2109 424 2175 sed
448 2110 565 2175 babuit
587 2116 713 2175 veteres
727 2116 888 2188 unctores,
904 2130 989 2193 quos
1004 2116 1203 2193 sequeretur,

92 2208 198 2277 stim
209 2210 298 2277 intur
309 2208 483 2277 Romanos
499 2209 544 2289 Q.
559 2211 742 2288 Lutatium,
756 2231 835 2275 num
858 2213 890 2275 is
914 2213 951 2275 in
973 2210 1139 2275 Historiis
1159 2212 1205 2277 si·

93 2310 190 2377 milio
214 2309 413 2376 tradideret:
448 2313 616 2376 ‘AEueam
641 2313 784 2395 primum
809 2311 1203 2396 Thraciumfuppulsum,

96 2410 220 2477 ffirum
233 2432 280 2477 ex
293 2432 355 2478 suo
367 2415 499 2477 nomine
513 2412 712 2490 condidisse,
728 2413 805 2478 dein
820 2413 956 2495 cognite
976 2411 1204 2499 Polymnesto

92 2511 141 2579 ris
151 2512 295 2598 perfidia
308 2534 352 2579 cx
368 2514 525 2598 Polydori
538 2533 630 2592 nece,
646 2514 722 2578 inde
736 2512 944 2598 digressum?

136 2612 208 2681 Gur
219 2604 329 2681 tumen
343 2617 444 2700 poeta
465 2635 531 2679 non
556 2617 679 2679 AEnum
706 2618 766 2683 sed
790 2615 948 2681 AEneodor
969 2617 1062 2682 urbis
1084 2633 1203 2680 nomen

92 2716 265 2801 prodidit?
293 2719 430 2783 Scilicet
440 2718 613 2782 AEneudus
626 2723 716 2783 recte
730 2718 855 2783 dixeris
870 2719 1009 2798 incolas,
1024 2735 1201 2801 eorumque

92 2816 182 2885 adeo
193 2820 326 2884 nomine
340 2818 453 2883 urbem
467 2821 575 2902 potuit
587 2821 756 2903 insignire,
781 2828 819 2885 ut
833 2828 883 2887 tot
896 2822 972 2887 alise
986 2822 1096 2898 urbes,
1121 2838 1154 2885 v.
1169 2838 1201 2884 c.

92 2916 212 2999 daun,
225 2920 411 3003 Tarquinii,
425 2920 606 2984 incolarum
620 2924 753 2985 nomine
767 2920 1032 3003 designabantur.
1084 2919 1151 2985 Sed
1165 2919 1201 2983 id

92 3010 218 3086 mu'nb
234 3018 330 3099 AEno,
344 3041 456 3085 verum
470 3021 514 3084 ub
528 3019 640 3098 AEneu,
656 3018 763 3100 Ailana,
777 3020 858 3085 duci
871 3028 993 3104 potest·
1035 3019 1090 3085 An
1103 3021 1203 3101 igitur

92 3121 153 3189 illo
166 3122 213 3187 nd
226 3120 380 3187 Hebrum
393 3125 473 3187 urbs
495 3123 595 3186 ctiam
617 3120 714 3185 Αἴνεια
726 3122 895 3206 appellata
917 3120 1004 3203 fuiti
1040 3118 1153 3204 Atque
1165 3121 1204 3186 lit

93 3224 278 3307 probabile,
292 3223 357 3289 boc
371 3226 421 3289 itu
434 3245 470 3288 se
483 3226 617 3290 babere.

109 3325 276 3391 'Scilicet
304 3326 382 3404 alia,
404 3346 509 3410 enque
532 3326 851 3404 constantiorum
880 3322 1021 3389 Groecos
1045 3322 1201 3402 maxime,

92 3426 184 3495 hle
206 3429 360 3505 obtinuit,
382 3428 424 3493 ad
451 3425 671 3492 Cherronesum
693 3423 849 3491 Pallenen
863 3425 1005 3490 AEncum
1019 3425 1200 3509 appulisse,

96 3528 205 3614 nique
235 3531 370 3595 AEniam
393 3527 538 3614 (Αἴνειαν)
565 3531 683 3593 urbem
709 3527 910 3595 condidisse.
964 3526 1203 3591 inhabitabunt

99 3630 186 3697 illum
199 3638 271 3697 tum
284 3632 433 3696 Thraces
449 3630 566 3696 Crnrci
579 3632 633 3697 vel
655 3627 801 3711 Crorrcr‘,
813 3628 966 3695 fidissimi
981 3628 1202 3712 Trojanorum

105 3736 191 3799 socii.
236 3734 327 3819 Haec
338 3735 520 3818 Dionysius
534 3754 578 3799 ex
593 3733 772 3798 Hellauico
786 3731 885 3797 docet
909 3731 968 3795 lib.
990 3748 1016 3809 1,
1041 3733 1085 3796 47
1099 3737 1131 3794 et
1143 3728 1200 3794 49.

108 3834 183 3899 ems.
200 3834 327 3901 Herod.
346 3852 412 3913 vll,
428 3836 492 3900 123
506 3840 538 3900 et
550 3835 597 3899 ibi
613 3834 696 3899 Not.
707 3829 877 3919 (Chryseor
891 3829 1026 3896 Thracus
1041 3832 1201 3914 scriptum

105 3931 214 4017 uideas
227 3937 317 4021 apud
335 3936 495 4021 Pompou.
519 3938 601 4002 Sub.
624 3936 669 4000 ud
695 3936 774 4001 AEn.
799 3935 858 4001 III
883 3955 946 4020 pr,
969 3933 1028 3998 sed
1043 3933 1116 4016 ejus
1129 3934 1201 4019 totu

108 4038 234 4104 ueex
248 4038 412 4125 Dionysio
434 4046 487 4105 est
508 4040 687 4124 descripta,
702 4057 754 4136 >eu
776 4032 1128 4123 coqumemeudnudm
1149 4030 1200 4097 uti
