2664 4686
436 333 489 385 nu
512 334 682 385 uuurnos
705 335 780 386 ιιι.
793 335 856 387 .v1.
1107 320 1196 387 tillo

92 498 167 547 :un
184 477 329 545 eundem
349 477 730 561 uamrsmsulpburnriee
751 478 998 564 aliaqueiniis
1017 479 1195 566 loeisspe·

92 600 200 653 nore
223 581 379 646 habeant.
424 577 623 663 Contegium
645 582 718 645 tetri
737 580 825 646 aeris
846 581 939 647 foma
959 582 1195 648 oliminmlra·

92 682 204 751 ulum
217 688 365 759 emerat,
385 687 423 746 ut
442 670 522 746 aves
536 682 622 746 edeo
642 683 917 765 supervolitantes
931 683 1048 748 soemre
1061 688 1195 748 enectus

92 783 245 853 beidam
273 781 478 849 affirmarent.
528 781 608 847 Vid.
632 782 752 847 Strabo
775 803 809 862 v,
823 803 860 867 p.
887 785 953 849 244
982 803 1014 849 u.
1069 782 1194 862 Colles,

92 904 176 971 pros
188 886 350 962 diximus,
364 885 467 948 variis
481 883 623 967 perfossi
646 884 812 967 specubus
828 885 901 949 vias
920 885 1104 949 babuerunt
1116 886 1195 951 sub-

92 1004 269 1065 musas,
298 985 500 1068 caliginosas
529 990 562 1048 et
588 990 690 1049 tetras
718 986 973 1071 hospitibusque
1002 988 1193 1071 impervius,

92 1106 231 1173 mrum
242 1088 343 1165 binae,
364 1087 478 1151 sedet
496 1086 550 1152 hee
565 1087 633 1151 sere
648 1088 839 1165 obstructae,
855 1094 1042 1172 supersunt,
1065 1090 1107 1153 de
1121 1090 1193 1173 qni-

92 1206 153 1255 tus
180 1188 269 1253 inira
290 1188 488 1253 videbimus.
543 1189 666 1266 Iocus,
685 1190 781 1271 igitur
806 1192 956 1273 apprime
983 1190 1121 1256 idoneus
1147 1189 1192 1255 ad

92 1289 258 1359 minum
271 1289 604 1371 animosreligionum
617 1289 793 1354 terroribus
809 1291 1048 1358 sollicitandos.
1260 1372 1265 1377 ,

112 1391 267 1475 ¹Specus
279 1391 359 1455 olim
373 1391 479 1455 fuisse
493 1391 528 1455 in
541 1392 595 1455 bis
607 1390 691 1455 locis
711 1393 833 1474 plures,
847 1392 947 1459 modo
960 1394 1116 1472 diximus,
1131 1394 1194 1459 etsi

92 1510 186 1583 esraa
206 1492 351 1557 motibus
369 1492 511 1576 ipseque
535 1497 631 1557 aetate
653 1493 747 1557 multi
769 1499 1021 1572 corruerunt,·ut
1033 1493 1117 1558 adiri
1136 1512 1194 1559 ne-

92 1599 224 1679 pueant.
268 1592 385 1659 Habet
406 1595 507 1659 etiam
529 1594 623 1659 littus
649 1595 739 1660 circe
756 1592 924 1658 Misenum
939 1601 1054 1659 cautes
1066 1594 1193 1678 passim

92 1700 285 1774 mustus,
299 1714 385 1779 ques
398 1715 421 1759 a
437 1694 653 1779 Lycophroue
667 1715 736 1761 vss.
752 1696 968 1761 lars-1280
985 1693 1147 1783 Ζωσηρίου
1160 1721 1194 1761 rr

92 1794 189 1861 imin
201 1802 267 1862 etc.
286 1797 377 1861 innui
395 1803 490 1880 puto.
535 1796 726 1862 Admodum
747 1799 860 1882 itaque
883 1798 1056 1881 probabile
1075 1803 1139 1878 est,
1160 1807 1195 1866 et

92 1898 240 1983 tpinioui
267 1898 366 1963 tidem
395 1898 477 1963 fecit
501 1899 815 1982 apuusnabonem
840 1900 897 1964 lib.
926 1917 1033 1983 V,.p.
1060 1901 1127 1966 244
1155 1919 1193 1967 u.

92 1996 256 2083 Ephorus,
282 2000 381 2084 cujus
403 2018 524 2082 magna
546 1999 610 2064 bac
633 2000 667 2064 in
689 2021 724 2065 re
746 2000 923 2066 auctoritas
946 2005 1007 2078 est,
1022 2001 1194 2084 cumipse

92 2096 262 2181 lemnum
275 2100 478 2184 diligensque
493 2101 632 2183 scriptor
645 2100 755 2177 suerit,
768 2101 881 2184 prisca
895 2104 995 2165 mute
1009 2119 1068 2164 ees
1081 2119 1193 2166 euver-

92 2218 148 2267 ΙΙ
169 2202 360 2267 bominibus
382 2222 444 2285 pro
468 2202 623 2266 domibus
644 2202 747 2267 fuisse
763 2200 993 2286 (Troglodytis
1011 2201 1124 2284 itaque
1144 2200 1194 2266 illi

92 2303 308 2382 mendi),
333 2302 436 2368 donec
459 2300 502 2367 ad
523 2302 691 2367 meliorem
712 2302 792 2366 vitae
820 2302 944 2366 cultum
964 2300 1192 2384 procederent,

92 2408 268 2488 namque
279 2404 355 2469 binc
368 2424 442 2469 esse
456 2401 683 2468 declamatis
697 2403 844 2468 fabulam
860 2400 1192 2487 OdysS.A,13sqq.;

92 2506 151 2571 tbi
163 2505 310 2571 tenebris
331 2505 398 2569 illis
420 2505 588 2588 perpetuis
602 2505 708 2588 sylves
723 2522 855 2588 qnoque
880 2505 1056 2582 continues,
1072 2505 1192 2590 quibus

92 2595 259 2673 emivelles
272 2607 432 2670 montium
456 2605 576 2671 obsitae
599 2610 700 2684 erant,
721 2605 881 2689 majorem
895 2604 1058 2669 horrorem
1072 2605 1192 2671 addere

92 2707 280 2775 leltueruut.

128 2809 394 2875 Succedentibus
418 2811 621 2895 temporibus
646 2810 795 2876 locorum
823 2816 975 2876 nutrirem
1003 2812 1192 2896 superstitio

92 2910 158 2979 ἡ
178 2913 300 2977 usibus
322 2913 597 2991 accommodavit,
623 2920 657 2978 et
679 2913 914 2998 necycmurrtion
937 2914 985 2976 ibi
1008 2914 1193 2980 institutum

92 3020 152 3093 ert,
169 3021 211 3097 ut
234 3012 354 3079 Manes
373 3015 505 3080 evocati
528 3014 775 3079 sciscitantibus
796 3013 866 3077 sata
884 3014 1064 3097 praedicere
1081 3016 1193 3080 crede-

92 3120 211 3193 mtur,
225 3114 327 3199 idque
340 3114 480 3178 Homeri
494 3114 604 3179 adhuc
628 3119 725 3178 aetate
748 3115 974 3178 auctoritatem
996 3112 1122 3191 babuit,
1136 3116 1193 3197 qui

93 3214 249 3302 Ulyssem
264 3237 308 3282 ea
319 3219 396 3282 loca
408 3217 533 3281 adiisse
546 3222 666 3280 narrat.
701 3214 802 3279 Erant
811 3215 1011 3294 sacerdotes,
1024 3215 1082 3298 qui
1096 3233 1194 3280 sacra

92 3325 317 3398 mirarent,
341 3319 463 3402 quibus
485 3318 607 3383 Manes
628 3323 739 3382 essent
762 3317 920 3400 placandi
941 3316 993 3403 (v.
1018 3317 1139 3383 Strabo
1158 3334 1192 3395 v,

93 3438 125 3503 p.
136 3423 206 3489 244
220 3438 256 3499 c,
272 3421 329 3485 ubi
343 3418 484 3484 ιίσέπλιον
497 3441 614 3504 parum
637 3425 790 3484 accurate
808 3439 852 3484 cx
872 3439 935 3483 sua
954 3424 1053 3485 aetatc
1067 3418 1194 3484 dixisse

94 3520 229 3599 ridetur,
239 3527 279 3586 ut
292 3520 481 3587 Maximum
491 3521 571 3605 Tyr.
588 3516 760 3585 Di'ss.x1v
775 3521 925 3605 aliosque
935 3521 1108 3599 omittam).
1138 3518 1194 3584 Ex

96 3624 251 3709 mierum
276 3623 347 3688 vita
368 3629 577 3689 servaverunt
600 3622 791 3687 sacerdotes
819 3642 954 3700 morem,
977 3627 1016 3686 ut
1042 3618 1194 3702 religioni

98 3722 361 3791 lwerentsolem
374 3724 497 3802 videre,
511 3743 573 3788 uec
587 3724 653 3787 nisi
667 3729 767 3787 noctu
785 3723 951 3805 speluncis
964 3721 1142 3805 prodirent,
1158 3724 1195 3784 ut

101 3820 349 3916 prorusapud
364 3825 561 3891 Strabonem
573 3826 596 3891 l.
611 3845 643 3890 c.
659 3844 682 3890 u
698 3829 886 3889 auctorest.

135 3924 283 3993 Tandem
298 3927 452 3994 Meuium
466 3927 563 3993 sedes
586 3932 620 3993 et
643 3927 711 4010 ipsi
735 3925 843 4003 inferi,
869 3926 992 4008 quibus
1013 3919 1194 3989 evocandis

107 4042 192 4094 ma
213 4029 248 4095 in
270 4029 324 4095 bis
345 4029 431 4095 locis
454 4028 588 4106 fiebunt,
613 4028 667 4092 bic
690 4045 764 4091 esse
786 4025 840 4090 vel
862 4025 979 4091 crediti
1000 4028 1077 4088 sunt
1095 4021 1149 4085 vel
1171 4037 1195 4082 a

112 4126 352 4207 libamen.
396 4129 491 4198 (lons.
505 4130 656 4197 Strobon.
682 4130 705 4195 l.
731 4148 761 4193 c.
783 4133 817 4192 et
836 4126 986 4193 Eustatb.
1005 4123 1049 4189 ad
1069 4119 1206 4204 Odyss-
