2692 4974
408 347 460 398 an
482 345 654 399 narinus
685 348 758 402 nin.
781 354 833 402 ιι.
1083 318 1181 408 md

65 510 140 558 men
153 491 306 611 inprimis
320 496 517 557 consecutus
528 498 589 571 est,
601 501 712 560 utnon
722 496 833 576 modo,
849 496 988 564 Homeri
1002 503 1169 587 exemplo,

66 614 134 674 eos,
161 595 230 680 qui
243 595 317 679 jam
343 601 419 661 ante
442 596 583 661 AEneam
608 598 779 678 obiissent,
804 619 920 666 verum
944 602 1171 686 posteritatem

66 716 201 784 quoque
223 698 264 763 in
281 699 455 763 AEueidem
477 699 607 779 inferre,
631 702 743 786 reique
770 704 917 771 novitate
941 704 1173 789 tantorumque

66 801 213 865 virorum
240 801 447 879 nominibus,
471 803 701 890 auctoritatem
729 804 866 869 carmini
902 810 935 869 et
970 805 1170 874 suavitatem

66 918 263 986 comparare
285 909 409 986 posset.
454 902 566 968 Secuti
588 902 677 968 idem
701 904 870 969 inventum
889 911 964 970 sunt
974 908 1171 974 mcenuores

66 1002 178 1088 poiitae
193 1005 302 1088 epici3
325 1004 366 1068 de
380 988 503 1087 quibus
517 1004 602 1068 insra
626 1024 687 1070 suo
707 1006 784 1070 loco
798 1003 956 1091 (Excurs.
973 1004 1172 1091 x111)vide-·

65 1105 185 1171 bimus.
232 1105 405 1171 intellectu
425 1106 540 1190 itaque
565 1105 663 1171 facile
687 1113 747 1186 est,
767 1109 863 1173 varia
884 1112 917 1172 et
939 1109 1043 1174 multa
1061 1109 1170 1175 erudi-

64 1208 156 1272 tione
177 1208 267 1273 hunc
295 1209 414 1274 librum
441 1227 514 1273 ense
542 1209 703 1273 refertum.
758 1210 848 1274 Bene
868 1211 1005 1276 Servius
1030 1210 1073 1275 ad
1096 1231 1129 1275 ι.
1155 1227 1169 1275 1

64 1307 202 1375 ‘Totus
230 1310 364 1395 quidem
391 1309 551 1394 Virgilius
578 1311 718 1377 scientia
744 1314 862 1396 plenus
884 1319 945 1392 est,
970 1315 1004 1379 in
1025 1331 1097 1397 qua.
1114 1313 1170 1379 hio

63 1410 148 1476 libor
168 1411 319 1496 possidet
346 1414 579 1498 principatum,
605 1416 702 1500 cujus
722 1436 766 1480 ex
790 1414 940 1480 Homero
962 1434 1040 1500 pars
1060 1415 1170 1499 major
1231 1484 1234 1488 ,

63 1518 177 1579 sumta
190 1519 250 1578 est.
296 1514 340 1579 Et
353 1514 506 1579 dicuntur
529 1515 643 1599 aliqua
667 1516 874 1600 simpliciter,
895 1517 999 1580 multa
1012 1515 1053 1579 de
1065 1515 1170 1580 histo·

61 1616 124 1693 ria,
139 1616 247 1680 multa
262 1637 320 1699 per
339 1617 442 1681 ultam
464 1617 636 1682 scientiam
658 1616 931 1702 Philosophorum
951 1616 1171 1699 Theologico·

62 1734 136 1783 rum
160 1718 404 1803 AEgyptiorum,
431 1718 517 1784 adeo
541 1724 578 1783 ut
600 1719 747 1804 plerique
769 1719 811 1783 de
831 1719 883 1783 his
906 1719 1043 1802 singulis
1070 1718 1169 1805 hujus
1246 1772 1249 1777 .

60 1818 139 1885 libri
153 1820 297 1903 integras
312 1822 507 1904 scripserint
520 1819 743 1907 πραγματείας]
780 1820 879 1885 Forte
892 1841 936 1886 ax
946 1821 998 1885 his
1012 1820 1168 1886 nonnulle

60 1922 149 1988 inter
162 1924 392 2006 grammaticas
404 1924 601 2007 quisquilias
617 1923 723 1988 Servii
744 1928 820 1987 sunt
833 1930 976 2001 servata,
992 1923 1056 1988 etsi
1067 1942 1112 1988 ex
1125 1922 1169 1988 iis

59 2025 220 2109 pleraque
233 2022 344 2108 po'etae
357 2030 392 2089 et
406 2024 601 2088 sententiam
615 2029 647 2088 et
660 2023 854 2112 elegantiam
868 2023 1029 2088 offuscant
1042 2025 1168 2109 potius,

61 2144 166 2210 quam
177 2126 351 2191 illustrant.
395 2125 452 2190 Ad
465 2125 575 2210 po'etae
590 2132 693 2190 artem
715 2134 749 2190 et
770 2127 941 2206 ingenium
962 2124 1168 2189 referendum

59 2227 142 2292 milri
154 2226 287 2292 videtur
300 2234 334 2291 et
346 2227 422 2306 hoc,
435 2226 536 2311 quod,
561 2248 636 2292 cum
650 2247 671 2291 e
685 2228 917 2291 vaticiniorum
932 2232 965 2290 et
978 2225 1169 2309 praedictio-

59 2330 349 2413 numambagibus
363 2332 546 2395 maximum
561 2331 626 2393 sibi
649 2330 758 2421 opicae
780 2327 984 2402 narrationis,
1000 2346 1076 2409 quae
1097 2327 1168 2392 ani·

60 2448 137 2496 mos
157 2447 267 2495 rerum
288 2433 443 2496 mirarum
465 2432 695 2515 expectatione
719 2430 887 2506 detineret,
902 2427 1095 2512 praesidium
1109 2448 1169 2512 po-

60 2532 180 2610 tiisset,
196 2551 281 2595 nunc
297 2551 429 2617 quoque
451 2533 595 2623 primum
609 2530 832 2616 Troianorum
847 2530 890 2594 ad
906 2530 1039 2594 ltaliam
1053 2549 1168 2594 acces·

61 2652 138 2699 sum
161 2650 331 2698 sacrorum
353 2638 386 2698 et
410 2634 619 2699 oraculorum
642 2636 799 2718 religione
824 2633 922 2717 quasi
950 2633 1168 2710 consecravit,

59 2735 173 2819 reique
197 2735 282 2800 adeo
308 2754 447 2801 summae
468 2737 584 2799 miram
607 2737 808 2818 dignitatem,
829 2739 862 2797 et
884 2734 961 2799 satis
980 2731 1167 2797 aderitum

57 2832 129 2918 jam
141 2835 370 2920 spectantibus
395 2855 518 2901 novam
540 2841 652 2901 tamen
664 2857 708 2901 ex
721 2837 818 2901 novis
842 2834 980 2919 Sibyllae
1000 2834 1167 2918 responsis

60 2936 327 3021 expectationem
341 2937 484 3021 paravit

489 3194 728 3213 ..n—h*—

378 3452 381 3457 ·
406 3409 726 3486 EXCURSUS
768 3411 824 3485 ΙΙ.

61 3605 241 3660 locossvrl
255 3605 364 3664 CIRCA
375 3606 556 3659 AVERNUM
569 3605 802 3667 Drscrrrpulo,
817 3606 882 3656 SEU
898 3603 1167 3658 TOPOGRAPHIA

482 3703 575 3755 AGRI
593 3702 751 3755 CUMANl.
1047 3712 1053 3721 ·

102 3865 196 3956 Libri
220 3865 321 3951 hujus
344 3868 404 3931 vix
431 3869 512 3931 satis
538 3887 657 3951 magua
680 3885 753 3928 esse
779 3871 888 3947 potest
914 3866 1072 3940 surevitas,
1103 3864 1168 3928 nisi

63 3964 207 4031 locorum
230 3965 484 4049 descriptionem
508 3968 616 4033 oculis
636 3967 809 4050 animoque
824 3966 1007 4050 subjectam
1029 3967 1167 4028 habeas.

66 4063 171 4146 Quam
187 4089 265 4134 cum
280 4068 375 4131 multi
389 4069 545 4149 dederint,
556 4090 659 4154 nuper
670 4075 777 4132 tamen
789 4068 978 4149 diligentius
993 4087 1035 4129 ea
1048 4065 1168 4131 litteris

67 4158 217 4255 coeloque
242 4187 405 4254 expressa
418 4161 475 4237 ’est
495 4191 517 4237 a
538 4171 660 4238 Paullo
673 4169 772 4257 (Aut.
791 4168 889 4236 Paoli
909 4169 944 4233 in
968 4165 1169 4233 Puteolanis
