2692 4974
419 347 471 397 sn
493 345 665 397 narinus
695 348 768 398 mn.
792 349 832 398 rr.
1089 332 1177 403 4051

68 499 184 570 termn,
207 491 341 576 quotics
353 489 466 575 poste
479 492 519 554 in·
526 495 720 572 argumento
729 494 799 576 jam
815 493 858 556 ab
873 492 1114 573 aliishactato,
1140 497 1177 562 in
1240 467 1243 472 .

67 596 166 659 rebus
193 594 286 658 notis
311 610 354 657 ae
382 592 479 669 hius,
516 590 598 654 circa
631 590 723 654 uilem
750 592 953 679 patulumque
979 603 1177 662 morarentur

68 694 170 759 orbes
182 692 290 781 (Hor.
306 692 382 758 Art.
398 690 500 776 182):
524 694 674 770 alterum,
690 715 765 759 cum
779 697 866 779 epici
881 699 1035 761 carminis
1048 704 1176 766 naturae

68 803 101 863 ct
111 798 195 862 artis
207 796 316 880 ignari
330 796 552 873 narrationem
567 814 588 858 a
600 795 717 877 primis
732 797 779 861 rei
802 798 990 880 primordiis
1004 802 1176 882 repetitam

68 918 126 983 per
145 898 295 981 singulas
317 905 438 981 partes,
461 902 619 980 tanquam
634 896 811 980 scriptores
825 900 1005 983 pedestres,
1029 921 1177 984 expone·

68 1006 155 1065 rente
193 999 284 1083 quod
309 1018 342 1062 v.
369 1019 399 1063 c.
430 998 554 1063 Statius
579 1000 614 1062 in
637 997 823 1064 Achilleion
845 1004 1000 1066 tentavit:
1046 1002 1089 1067 ad
1110 1002 1175 1069 hoc

70 1121 171 1184 garns
186 1106 318 1184 specim
332 1100 446 1185 Epigr.
461 1102 497 1164 in
511 1100 648 1166 Anthol.
664 1119 705 1177 11,
728 1104 772 1166 40
786 1123 820 1186 p.
836 1104 901 1168 163
923 1102 1038 1187 Steph.
1085 1104 1176 1171 Nata

69 1205 143 1269 binc
157 1203 237 1268 illa:
259 1202 351 1287 apud
366 1201 532 1268 Aaronem
557 1204 591 1267 iu
614 1204 736 1268 Horat.
753 1206 914 1288 cyclicum
930 1206 1065 1288 politam
1089 1225 1175 1283 esse,

71 1306 126 1388 qui
139 1305 273 1369 variare
285 1323 340 1367 res
354 1305 501 1384 nesciat3
523 1309 556 1367 et
570 1301 689 1370 Isidor.
706 1322 757 1382 vr,
773 1306 816 1370 17
831 1326 873 1370 ea
887 1309 1032 1370 carmina
1046 1309 1176 1391 cyclica

70 1406 194 1483 semri,
219 1425 297 1490 quse
321 1405 483 1489 cujusque
510 1409 656 1471 materiae
685 1407 830 1489 simplici
854 1409 958 1472 sonna
986 1408 1174 1474 laetasint.

10 1506 13 1517 '
71 1506 171 1572 Hunc
185 1509 222 1572 in
236 1506 373 1575 modum
386 1507 593 1572 diversarum
607 1529 713 1573 rerum
738 1508 925 1574 discrimine
939 1510 1042 1586 facto,
1064 1510 1177 1574 licebit

70 1608 201 1673 undem
214 1609 344 1692 aliquid
359 1611 438 1673 certi
453 1615 487 1674 et
500 1611 662 1693 explorati
676 1611 717 1674 de
731 1611 827 1695 po'e'h's
841 1611 961 1697 cyclicis
975 1609 1112 1675 tradere.

110 1711 245 1776 Horum
260 1710 434 1795 poetarum
458 1731 568 1795 opera,
592 1717 748 1795 quantrun
763 1732 807 1776 ex
825 1713 1027 1796 fragmentis,
1048 1720 1118 1778 tnm
1130 1730 1177 1781 ex

71 1811 184 1891 Quinti
210 1813 377 1898 Smyrnaei
403 1814 595 1891 imitatione,
629 1821 663 1880 et
689 1835 734 1879 ex
754 1817 954 1898 argumentis
977 1814 1174 1900 Cypriorum

71 1912 260 1980 Carminum
279 1921 313 1980 et
335 1910 456 1979 No‘crruv
470 1917 559 2000 apud
582 1916 750 1995 Proclum,
774 1919 926 2000 colligere
940 1920 1027 1996 licet,
1049 1923 1118 1983 tota
1130 1917 1175 1982 ad

70 2014 208 2081 Homeri
221 2035 289 2081 non
304 2021 373 2081 tam
400 2024 502 2082 artem
526 2037 628 2101 quam
652 2038 835 2083 sermonem
849 2021 961 2102 potius
976 2039 1016 2082 ac
1031 2020 1175 2083 colorem

69 2125 100 2183 et
110 2118 249 2202 epicam
263 2118 443 2184 dictionem
456 2118 521 2184 fuit
534 2121 733 2203 composita.
780 2119 855 2184 Nee
881 2125 990 2184 tamen
1014 2138 1066 2181 res
1091 2121 1176 2183 intra

67 2217 219 2300 poetices
242 2219 353 2303 spatia
377 2220 537 2296 substitit,
559 2220 619 2283 sed
641 2221 778 2284 liberius
802 2226 854 2283 est
873 2223 1027 2299 evagata.
1073 2217 1174 2298 Nam,

67 2338 144 2383 cum
169 2319 332 2402 pedestris
359 2322 519 2384 orationis
543 2339 625 2383 usus
654 2325 688 2383 et
716 2320 822 2383 cultus
850 2320 1071 2382 increbescere
1092 2319 1177 2388 inter

67 2418 211 2486 Graeoos
231 2421 400 2503 coepisset,
421 2421 581 2502 multique
603 2424 724 2496 essent,
748 2420 806 2500 qui
831 2419 1079 2502 antiquissimos
1098 2439 1176 2505 my·

11 2580 13 2587 .
67 2519 140 2585 thes
151 2520 377 2603 historiasque
392 2518 551 2594 Graeciae,
574 2520 693 2601 partim
717 2519 920 2601 singularum
935 2520 1064 2582 urbium
1080 2520 1175 2585 sabu-

66 2623 120 2699 lis,
141 2622 358 2704 religionibus
376 2640 417 2685 ae
440 2621 555 2696 sacris,
577 2619 668 2684 festis
694 2641 733 2685 ac
757 2622 888 2697 ritibus,
910 2621 1058 2689 locorum
1073 2623 1174 2687 eliam

68 2724 296 2800 monumentis,
319 2722 580 2806 templorumque
595 2720 740 2785 donariis
755 2729 978 2797 consecratas,
994 2725 1117 2805 partim
1130 2744 1174 2790 ex

69 2826 188 2906 priscis
202 2823 416 2899 carminibus,
438 2842 515 2905 quae
536 2828 736 2904 supererant,
760 2824 919 2888 collectas
943 2824 1061 2888 litteris
1082 2845 1175 2890 man·

11 2964 13 2971 ·
71 2924 198 3007 darent;
236 2926 320 2989 iuter
343 2920 430 3007 quos
462 2922 669 3007 Pherecydes
688 2924 909 3002 Atheniensis,
934 2930 967 2988 et
993 2925 1175 2992 Acusilaus

71 3024 228 3108 Argivus,
250 3026 435 3090 Hecataeus
449 3023 613 3102 Milesius,
636 3031 762 3108 etpost
786 3026 846 3091 hos
868 3027 926 3090 alii
941 3026 1081 3109 θεογονιῶν
1096 3046 1174 3092 auc·

72 3134 165 3207 tores,
187 3128 391 3211 genealogiis
407 3127 553 3191 Deorum
576 3147 616 3190 ac
639 3128 863 3209 cosmogouiis
877 3127 1059 3191 condendis
1072 3129 1175 3212 inpri-

72 3231 130 3294 nis
158 3230 398 3309 inclamerant3
430 3235 666 3294 successemnt
693 3228 762 3306 ulii,
792 3230 849 3313 qui
876 3228 1072 3294 Graecorum
1095 3236 1176 3315 post

73 3331 250 3414 mythicum
273 3335 404 3413 tempus
425 3329 593 3407 historias,
616 3330 768 3414 adeoque
791 3333 890 3394 etiam
914 3331 1037 3395 bellum
1057 3332 1174 3418 lhoja·

74 3447 144 3495 num
158 3431 411 3515 perscriberent,
434 3431 519 3494 inter
533 3451 617 3514 quos
630 3434 744 3495 nescio
758 3452 800 3495 au
821 3434 929 3515 primo
954 3433 1030 3498 loco
1055 3433 1175 3500 Hella·

75 3531 178 3597 nicam
193 3531 355 3597 lesbium
367 3546 501 3615 ponera,
524 3533 620 3616 cujus
644 3553 800 3615 magnum
822 3554 908 3618 opus
923 3538 1049 3620 Ιστοςιῶν
1068 3536 1175 3601 fuisse

77 3632 207 3711 udeuu,
230 3634 273 3699 ad
295 3634 386 3718 quod
410 3641 568 3718 tanquam
583 3643 694 3718 partes
709 3635 877 3700 reserenda
895 3644 991 3701 erunt
1012 3658 1088 3720 quoe
1102 3638 1175 3703 lau·
1258 3680 1261 3686 ·

78 3732 204 3801 dantur:
229 3737 360 3821 Φορωνὶς,
377 3737 480 3809 Ἀτθὶς,
492 3738 654 3814 Ἀτλαντὶς,
669 3735 876 3815 Δευκαλιῶνια,
894 3738 1017 3824 Τρωϊκά.
1054 3739 1175 3823 (Frag-

79 3844 180 3903 nenta
203 3838 278 3922 ejus
306 3858 393 3902 nunc
423 3838 565 3902 collecta
590 3845 711 3903 sunta
737 3838 930 3903 doctissimo
952 3842 1034 3917 viro,
1059 3840 1098 3904 F.
1115 3839 1172 3905 W.

80 3931 193 4016 sm.)
236 3938 278 4003 n
301 3938 546 4002 morcambus
565 3920 653 4004 ‘rra
679 3940 752 4024 ejas
776 3942 925 4023 inprimis
939 3940 1000 4005 furt
1021 3941 1173 4023 probata,

80 4041 218 4107 rtetiarn
241 4040 427 4124 Dionysius
442 4039 555 4104 Halic.
571 4041 631 4106 lib.
649 4059 674 4106 1.
690 4061 721 4106 c.
737 4042 791 4106 46.
805 4044 860 4106 47.
876 4043 920 4106 48
938 4043 974 4104 in
987 4040 1101 4123 'Ihojae
1114 4060 1174 4108 ex·

83 4135 158 4209 tilio
170 4138 360 4229 AEueoeque
373 4140 455 4225 fuga
470 4142 635 4211 nanenda
656 4163 732 4211 eum
744 4145 954 4227 potissimum
968 4141 1173 4225 sequendum
