2664 4686
89 328 104 340 ’
187 317 275 381 4212
550 310 555 317 ’
609 329 808 383 nxcnnsus
831 334 883 383 tv.
928 370 933 375 .

188 473 358 540 Misenum
375 471 552 538 tradidisse
565 472 718 540 videntur
731 475 877 540 nonnulli
890 475 980 559 apud
1002 474 1194 557 Victorem,
1216 480 1298 544 talea

187 577 269 643 remi
280 574 405 640 tumulo
417 573 512 644 intixi
530 575 811 657 interpretatione,
826 577 884 659 qui
907 583 1020 642 tamen
1032 583 1147 645 nanta
1173 585 1296 646 mamm

186 676 457 760 significationem
469 676 615 739 haberet.
660 673 913 742 Monumentum
927 685 1037 742 autem
1049 686 1149 744 vetus
1170 680 1292 759 tumuli

186 777 292 843 infixo
314 797 404 842 remo
418 796 493 841 cum
507 771 599 853 tuba,
614 775 657 839 ad
678 775 768 840 istud
781 779 1050 859 promontorium.
1063 799 1142 844 esse
1166 771 1290 862 debuit3

186 881 248 945 etsi
262 879 359 944 video
373 878 437 943 hoc
452 897 585 962 quoque
596 897 619 941 a
628 877 792 942 nonnullis
806 879 903 956 tradi,
912 880 1022 963 ipsum
1036 884 1287 964 promontorium

186 982 421 1063 navigantibus
435 981 470 1043 in
484 967 553 1044 alto
566 980 712 1064 speciem
726 979 873 1062 sepulcri
889 982 1049 1063 praebere.

187 1114 191 1121 ·
231 1080 317 1147 Cum
331 1083 459 1147 AEneas
482 1081 525 1146 ad
550 1082 627 1146 loca
641 1083 713 1146 haec
728 1081 833 1145 semel
855 1080 1019 1147 adductus
1040 1090 1131 1149 esset
1147 1103 1171 1148 a
1183 1085 1283 1170 polita,

185 1185 308 1266 ingenii
330 1184 372 1247 ad
389 1183 629 1248 convertendas
651 1185 685 1247 in
700 1203 768 1247 rem
782 1202 877 1248 suam
891 1190 1036 1248 veterum
1055 1184 1234 1268 poetarum
1246 1188 1283 1253 ta·

80 1349 85 1357 ,
186 1285 282 1350 bulas
295 1286 464 1371 praeclari,
490 1281 613 1369 Necyiae
628 1285 684 1349 ille
703 1283 876 1349 Homerica
891 1287 925 1349 in
938 1286 989 1350 his
1001 1285 1089 1369 ipsis
1103 1286 1195 1351 locis
1212 1293 1282 1353 trac·

186 1390 265 1450 tatae
288 1406 425 1463 memor,
449 1390 487 1450 ut
508 1387 728 1450 narrationem
741 1393 851 1450 tamen
875 1386 1027 1464 variaret,
1048 1406 1117 1451 non
1143 1386 1281 1453 Manium

187 1489 416 1554 evocationem
430 1489 489 1553 sed
513 1487 557 1552 ad
570 1507 630 1553 eos
650 1487 844 1553 descensum
868 1489 1213 1557 AEneaecomminisci
1226 1510 1281 1556 mt-

186 1592 266 1671 luit3
282 1587 449 1654 Homerico
457 1598 569 1655 tamen
577 1588 710 1674 exemplo
724 1591 922 1675 praelucente
931 1590 1180 1673 quodammodo
1194 1596 1281 1659 etiam

186 1692 222 1755 in
243 1692 296 1757 his
318 1692 442 1778 Odyss.
467 1700 509 1758 n.
553 1691 666 1776 Atque
680 1693 734 1756 hic
758 1691 930 1757 commode
953 1692 987 1755 in
1003 1688 1210 1759 Platonicam
1224 1694 1281 1760 dot·

186 1789 303 1855 trinam
319 1795 452 1873 incidit;
476 1795 518 1858 de
532 1813 600 1876 quo
615 1793 683 1857 alio
699 1792 854 1857 Excursu
868 1794 1056 1877 expositum
1070 1800 1134 1859 est.

230 1891 332 1970 Quod
346 1901 457 1959 autem
466 1894 510 1957 ad
527 1890 684 1978 Sibyllam
695 1900 837 1977 spectat,
851 1893 937 1958 hane
952 1892 1055 1976 poeta
1067 1914 1113 1958 ex
1128 1897 1282 1982 antiquio·

79 2063 81 2066 ,
161 2037 164 2042 -
187 1993 291 2071 ribus,
307 2014 383 2077 quse
398 1999 467 2058 tum
488 1994 657 2075 vigebant,
673 1993 794 2057 fabulis
809 1995 917 2077 petiit,
931 2013 997 2057 nnn
1015 1994 1145 2076 primus
1160 1998 1283 2082 excogi.

186 2096 280 2161 tavit.
326 2094 377 2159 En
399 2095 510 2161 locum
536 2115 580 2160 ex
609 2094 746 2160 Victore
761 2096 803 2159 de
818 2095 861 2160 Ο.
877 2094 921 2159 G.
938 2095 983 2159 R.
999 2115 1030 2160 c.
1054 2096 1098 2159 10
1130 2096 1284 2164 ‘Addunt

118 2246 120 2251 .
186 2203 347 2280 preterea
369 2199 507 2281 quidam
522 2197 663 2261 AEneam
677 2197 711 2260 in
734 2199 842 2262 littore
861 2194 1021 2280 (Baiano)
1035 2196 1162 2263 Euxini
1179 2203 1285 2287 eujus·

186 2299 264 2363 dam
278 2300 408 2364 comitis
431 2305 569 2364 matrem
583 2297 698 2363 ultimo
714 2300 823 2362 aetatis
844 2297 1008 2374 affectam,
1023 2298 1117 2361 circa
1131 2306 1284 2383 stagnum,

186 2400 274 2483 quod
289 2405 339 2465 est
362 2402 445 2464 inter
468 2401 622 2463 Misenon
652 2397 895 2481 Avemumque,
910 2399 1080 2476 extulisse,
1099 2406 1203 2484 atque
1217 2403 1284 2469 inde

185 2500 261 2565 loco
276 2521 396 2566 nomen
412 2501 563 2577 inditum,
584 2501 643 2582 qui
657 2501 758 2563 etiam
773 2519 860 2563 nunc
876 2496 1041 2563 Euxinius
1056 2499 1151 2564 sinus
1164 2500 1284 2571 mutui

185 2605 320 2680 (nomen
335 2603 398 2665 hoc
413 2621 434 2664 a
448 2603 604 2684 quopiam
615 2602 682 2664 alio
695 2604 869 2665 memorari
885 2600 1131 2683 nondumvidi3
1154 2603 1240 2671 sorte
1250 2606 1285 2672 ab

185 2702 297 2785 aliquo
322 2706 454 2764 auctore
479 2699 659 2781 proditum,
678 2703 737 2784 qui
753 2701 958 2780 Cimmerios,
972 2721 1114 2784 quorum
1130 2706 1285 2774 sedemin

184 2803 238 2866 his
265 2802 347 2865 locis
365 2801 518 2866 traditam
532 2801 669 2879 viderat,
685 2822 707 2866 a
722 2804 896 2886 Bosphoro
921 2810 954 2867 et
977 2805 1061 2867 mari
1078 2804 1217 2873 Euxino
1230 2809 1286 2893 hnc

184 2898 396 2985 vocaverat):
419 2905 429 2934 ‘
445 2921 588 2984 cumque
602 2905 826 2987 comperisset,
842 2905 966 2968 ibidem
981 2905 1146 2988 Sibyllam
1170 2916 1286 2975 morta·

100 3067 105 3075 ,
182 3003 272 3067 libus
286 3004 396 3069 futura
408 3005 584 3088 praecinere
598 3006 633 3068 in
647 3005 784 3087 oppido,
800 3006 890 3088 quod
900 3012 1039 3070 vocatur
1054 3006 1285 3076 Cimbarionis'

184 3101 446 3180 (Cumnrnmnon
457 3106 544 3169 male
555 3106 707 3168 emendat
721 3103 916 3185 Arnzenius3
933 3126 974 3168 au
986 3107 1066 3170 latet
1077 3104 1287 3174 Cimmerion?

185 3205 240 3271 lta
254 3208 344 3290 apud
358 3206 482 3272 Tibull.
508 3225 558 3283 lv,
575 3209 606 3284 1,
620 3209 665 3272 (il
687 3207 800 3270 multi:
834 3207 1031 3271 Cimmerion
1056 3211 1160 3274 etiam
1175 3215 1287 3279 obscu-

186 3328 241 3371 ras
255 3308 400 3371 accessit
415 3308 458 3370 ad
474 3306 603 3390 arces)‘
616 3310 745 3372 venisse
760 3328 800 3372 eo
816 3311 1023 3374 sciscitatum
1033 3310 1076 3373 de
1085 3319 1176 3377 statu
1192 3316 1287 3381 fortu-

184 3427 300 3471 narum
330 3425 480 3471 suarum:
503 3408 689 3490 auditisque
709 3409 797 3486 satia,
827 3411 975 3487 vetitum,
1004 3414 1095 3487 nais
1118 3415 1287 3497 cognitam'

185 3506 332 3584 (ultimas
354 3506 437 3569 duas
463 3527 574 3585 voceS,
591 3508 616 3569 is
641 3507 810 3594 cognitam,
829 3516 886 3574 aut
900 3530 945 3574 ex
968 3511 1161 3596 incognitum
1183 3524 1285 3597 natas,

185 3613 242 3672 aut
255 3608 386 3671 aliunde
397 3609 571 3691 irrepsisse
586 3617 679 3694 puto,
693 3632 768 3676 cum
788 3613 970 3697 cognatione
984 3616 1181 3702 conjunctam
1198 3620 1286 3682 inter·

184 3716 333 3793 pretatus
354 3718 440 3775 esset
454 3713 574 3797 aliquis
589 3718 766 3798 cognatam)
789 3716 842 3777 ‘in
856 3714 955 3779 Italia
977 3719 1129 3800 sepeliret
1146 3717 1286 3803 Prochy-

186 3817 265 3889 tam,
281 3816 476 3894 cognatione
496 3816 560 3878 sibi
576 3816 797 3899 conjunctam,
813 3836 912 3897 quarn
937 3819 1136 3883 incolumem
1150 3822 1287 3906 relique·

183 3919 252 3993 ταῖς
275 3919 317 3990 et,
338 3922 515 3998 postquam
529 3915 572 3978 ad
586 3916 726 3979 classem
746 3915 854 3994 rediit,
866 3918 1054 4003 reperitque,
1069 3929 1245 3999 mortuam,
1256 3921 1284 3989 iu

184 4013 294 4077 insula
307 4015 463 4097 proxima
476 4015 645 4098 sepelisse,
661 4035 737 4099 quae
757 4035 846 4080 nunc
868 4038 1001 4102 quoque
1013 4019 1141 4102 eodem
1157 4028 1209 4086 est
1228 4041 1282 4085 no-

185 4113 293 4196 mine;
314 4121 352 4179 ut
372 4115 522 4181 scribunt
540 4116 716 4183 Vulcatius
740 4119 775 4181 et
786 4115 920 4183 Acilius
942 4117 1052 4184 Piso.²
1091 4119 1161 4186 Sed
1180 4122 1282 4209 episo-
