2664 4686
397 339 449 389 su
470 335 644 389 assinos
687 335 762 387 nra.
786 336 828 384 rr.
1057 292 1168 397 ”loen

364 726 731 807 EXCURSUS
758 728 856 807 ’ΠΙ

470 990 521 1041 DE
537 987 750 1041 Pammene.

97 1222 142 1284 rr,
151 1202 296 1271 81-85.
308 1209 320 1240 ⁴
332 1203 451 1270 Fando
465 1205 602 1289 aliquod
613 1207 644 1271 si
657 1204 740 1271 forta
753 1211 829 1271 tuas
842 1207 1051 1290 pervenitad
1065 1226 1164 1273 aures

55 1306 185 1373 Belidae
208 1325 331 1372 nomeu
355 1306 559 1384 Palamedis,
582 1312 616 1372 et
637 1309 762 1393 inclyta
781 1306 870 1372 fama
894 1307 1031 1375 Gloria:
1065 1329 1163 1393 quem

54 1406 139 1472 alsa
151 1409 217 1473 snb
229 1407 417 1492 proditione
430 1407 566 1492 Pelasgi
590 1407 767 1488 insontem,
775 1408 920 1474 infando
933 1409 1069 1488 indicio,
1083 1411 1163 1493 quia

56 1506 144 1572 bella
155 1510 304 1587 vetabat,
327 1508 498 1574 Demisere
518 1509 612 1574 neci:
642 1530 729 1575 nunc
748 1531 880 1576 cassum
894 1512 1018 1576 lamine
1030 1508 1164 1594 lugent?

56 1605 277 1691 ldmonabile
300 1609 492 1675 Palamedis
504 1630 625 1674 nomen
641 1615 702 1688 est,
716 1630 793 1676 cum
808 1612 885 1675 aliis
899 1611 944 1674 de
955 1612 1078 1688 causis,
1092 1617 1165 1676 tum

55 1710 145 1793 quod
157 1713 195 1777 in
208 1732 250 1778 eo
263 1714 390 1796 insigne
404 1712 593 1796 exemplum
608 1712 768 1777 habemus
778 1713 918 1778 variatae
932 1730 993 1796 per
1006 1713 1163 1795 tragicos,

54 1811 129 1877 inde
142 1834 206 1897 per
216 1816 374 1893 rhetores,
393 1808 528 1880 tandem
547 1834 607 1898 per
621 1818 863 1898 grammaticos,
878 1814 1000 1880 fabulas
1015 1814 1164 1892 (Diserte

54 1917 267 1999 eaexposita
287 1914 378 2001 apud
401 1915 514 1981 Schol.
530 1916 645 2001 Emip.
672 1915 779 1981 Orest.
797 1917 864 1983 432
878 1922 912 1983 et
933 1916 978 1981 ad
993 1915 1162 2000 Lycophr.

54 2013 129 2081 Μ
153 2015 411 2100 Hygin.f.106,
426 2021 460 2080 et
479 2017 527 2081 ibi
551 2016 665 2082 laudd.
709 2017 861 2083 Servium
884 2017 928 2082 ad
954 2017 1033 2082 AEn.
1051 2033 1092 2093 11,
1107 2017 1163 2095 81,

55 2112 220 2199 Pompon.
236 2116 318 2181 Sab.
332 2117 376 2181 ad
390 2113 478 2200 e.l.).
511 2116 656 2182 Omnino
671 2118 839 2185 Homerus
853 2138 915 2184 nec
926 2124 1053 2203 patrem
1068 2117 1165 2182 Nau-

53 2215 159 2299 plium
172 2236 235 2283 nec
260 2217 364 2283 lilium
387 2218 602 2282 Palamedem
616 2221 786 2300 agnoscit3
808 2220 857 2282 ita
870 2224 908 2282 ut
921 2220 1097 2282 obscmum
1110 2238 1164 2283 es·

54 2322 116 2395 aet,
130 2316 221 2381 unde
230 2317 284 2382 hic
297 2319 334 2382 in
346 2336 401 2381 res
421 2317 590 2400 trojmas
614 2318 725 2381 illatus
739 2317 803 2381 sit:
825 2318 890 2381 nisi
903 2317 1026 2400 partim
1037 2318 1164 2384 o-Pau·

54 2436 127 2483 san.
141 2417 435 2502 x,81pr.pardm
459 2436 479 2480 e
499 2416 576 2481 MS.
591 2415 813 2481 Esconalarsi
832 2416 947 2482 Procli
968 2417 1042 2501 jam
1064 2438 1166 2506 snpra

53 2524 235 2585 memorato
260 2519 379 2585 docere
403 2537 551 2602 possem,
580 2515 768 2601 Cypriorum
796 2516 970 2581 carminum
996 2525 1164 2585 auctorem

54 2622 196 2703 primunr
217 2623 252 2685 ei
278 2619 409 2685 aditum
437 2624 470 2683 et
496 2638 615 2683 nomen
638 2621 673 2683 in
697 2618 822 2684 fabulis
850 2620 1007 2704 Trojanis
1032 2620 1165 2688 fecisse.

55 2719 146 2785 Nam
158 2721 197 2785 in
210 2720 322 2804 primo
336 2720 414 2784 belli
437 2726 598 2803 apparatu
617 2740 694 2784 eum
714 2720 851 2805 Ulysses
871 2723 1024 2788 militiam
1039 2723 1166 2791 detrec-

54 2821 291 2900 W'Atridoe
305 2821 452 2900 miracles
466 2821 723 2909 προσποιησάμενον
743 2821 888 2887 Ὀδυσσέα
909 2825 952 2888 ir}
967 2830 1010 2910 τῷ
1025 2828 1064 2907 μὴ
1079 2824 1166 2892 tilam

55 2922 325 3012 ννππςαπνῦσποθαν
336 2925 493 3012 ἐφώρασαν,
510 2927 701 3008 Παλαμήδους
711 2927 883 3009 ὑποθεμένου,
897 2931 945 2992 τὸν
960 2925 1017 2991 aide
1033 2928 1167 3011 lirae'pa·

55 3051 106 3111 χον
119 3027 166 3090 ἰπὶ
181 3025 303 3091 κόλασον
317 3026 545 3114 ἔξαρπίνοανπεςτ
568 3036 601 3092 el
615 3029 677 3093 sub
688 3029 785 3091 finem
798 3030 971 3094 carmanis:
996 3027 1092 3092 ἔπειτα
1102 3033 1165 3095 iarl

58 3128 248 3211 Παλαμήδους
260 3127 398 3205 triveras:
428 3133 476 3197 ita
497 3136 535 3195 ut
560 3132 666 3196 omnis
690 3129 731 3194 de
755 3129 936 3194 Palamede
958 3134 1101 3195 narratio
1121 3134 1166 3197 ad

59 3230 313 3298 Antehomerica
336 3241 505 3317 spectasse
527 3232 632 3297 videri
646 3232 773 3296 debeat.
819 3231 892 3296 Etsi
908 3237 1030 3310 autem,
1045 3235 1166 3316 quibus
1252 3316 1259 3323 ¹

59 3334 161 3398 nodis
175 3334 294 3397 fabula
307 3339 447 3398 tractata
460 3354 482 3397 a
495 3333 630 3398 Stasino
646 3340 678 3398 et
693 3339 806 3398 ornata
819 3333 927 3411 tirerit,
950 3334 1084 3398 aliunde
1097 3356 1166 3401 non

61 3433 168 3518 lquet,
196 3435 264 3498 nisi
287 3434 376 3517 quod
394 3453 414 3497 e
430 3433 602 3498 Pausania
615 3435 639 3498 l.
663 3454 694 3499 c.
711 3440 861 3519 apparet,
884 3435 1014 3519 jamin
1038 3435 1165 3520 Cyprio

65 3540 199 3601 carmine
220 3536 344 3601 lectum
367 3536 483 3614 fuisse,
500 3537 591 3620 quod
618 3536 815 3602 Palamedes
837 3543 1037 3602 tesserarum
1050 3538 1166 3603 ludum

67 3639 264 3720 excogitarit,
280 3644 314 3702 et
338 3638 438 3721 quod,
465 3657 541 3703 cum
560 3637 729 3720 piscatum
756 3638 861 3715 iisset,
886 3637 1020 3722 Ulyssis
1034 3646 1067 3704 et
1082 3641 1166 3707 Dio-

70 3740 159 3804 medis
172 3738 289 3803 fraude
302 3740 337 3803 in
347 3739 446 3822 aquis
461 3738 628 3802 demersus
651 3739 796 3802 interiise
816 3738 926 3802 dictras
940 3740 1001 3804 sit:
1033 3760 1052 3804 e
1066 3743 1166 3805 serio-

72 3838 149 3903 ribus
171 3846 285 3904 tamen
306 3840 538 3923 scriptoribus,
561 3839 591 3903 si
617 3844 804 3903 commenta
828 3858 941 3904 eorum
971 3841 1186 3919 detraxeris,

78 3940 140 4004 ntis
152 3943 289 4026 assequi
310 3960 503 4025 possumus,
524 3942 560 4006 iu
584 3942 641 4006 illo
657 3941 803 4006 carmine
817 3942 898 4007 odia
911 3944 994 4008 inter
1009 3942 1166 4025 Ulyssem

80 4040 318 4108 etPelamedem
333 4040 477 4127 agitata?
483 4044 691 4129 insidiasque
713 4044 789 4108 huic
816 4044 860 4108 ab
875 4045 942 4109 isto
955 4043 1072 4119 factas,
1094 4045 1165 4104 tum

85 4140 163 4210 wius
185 4146 378 4214 Palamedis
399 4148 568 4234 ingenium
592 4152 626 4214 et
649 4166 811 4214 summam
831 4166 876 4213 ex
890 4165 998 4211 rerum
1012 4162 1074 4242 asu
1087 4160 1163 4230 pru·
