2664 4686
508 336 541 387 a·
561 337 748 404 ymerum
1087 332 1192 411 w.

84 475 486 564 mosalisbccipifflda
509 500 607 552 esse:
639 483 764 569 qnippe
786 486 881 565 viris,
904 487 957 568 bin¹
981 492 1081 556 rebus
1102 509 1178 561 rer⁴
1292 525 1297 538 ι

84 577 170 657 aris,
191 579 275 643 bene
295 585 410 647 notum
424 588 486 659 est,
509 588 542 647 et
551 583 652 649 libros
661 593 694 649 et
709 587 852 667 codiceS,
864 591 967 655 'etiam
981 612 1086 671 raros,
1100 612 1178 677 pre*

84 678 192 758 loros,
204 700 271 745 non
283 683 836 766 nunquamesedibnsevenescere,
844 711 931 773 quas
942 712 1176 777 semperoccu·

84 796 173 861 »esee
186 780 386 847 debuerunt:
410 783 493 847 adeo
506 790 543 847 nt
557 806 656 869 super
668 788 811 871 pluteos,
836 793 895 855 nbi
910 796 1060 861 solebant
1074 801 1174 876 sure,

84 879 141 947 'cre
153 881 329 947 dicendum
343 885 398 962 sit,
412 891 449 948 nt
464 887 662 969 sepulchrali
674 891 807 955 cuidam
820 902 1029 962 monumento
1049 897 1112 962 suit
1126 899 1177 963 in·

84 981 245 1066 criptmn,
262 979 358 1046 Caino
375 981 459 1047 fuir
504 985 614 1050 Etiam
623 991 796 1071 nobismet,
806 997 925 1078 paucis
936 997 1055 1063 abhinc
1070 1002 1175 1079 annis,

84 1082 209 1162 ivibus,
221 1090 256 1149 at
266 1087 435 1166 literariis,
445 1089 618 1154 itineribus
626 1097 812 1177 occupatis,
824 1115 890 1160 non
899 1118 1009 1182 pauca
1019 1100 1176 1182 quaedam
1238 1123 1246 1137 ·

84 1184 303 1270 minacemodi
317 1190 492 1253 observata
513 1197 628 1271 erant3
649 1209 766 1279 nempe
787 1197 966 1278 volumina,
994 1220 1071 1284 quae
1091 1222 1177 1269 aem-

84 1305 131 1353 ier
142 1288 238 1359 soma
250 1288 354 1355 fuisse
369 1290 545 1371 debebant,
570 1293 701 1376 longius
716 1305 891 1381 separata3
914 1306 948 1365 et
961 1300 1104 1384 codices,
1119 1305 1177 1370 nni

84 1366 206 1455 ibrario
234 1392 371 1476 proprii,
397 1393 431 1456 in
457 1395 524 1458 alio
546 1395 797 1480 delitescentem
820 1402 922 1466 immo
943 1403 1083 1487 privatis
1105 1425 1176 1473 ma·

84 1490 168 1575 ibus
181 1492 355 1571 haerentes,
372 1496 431 1579 qui
451 1501 540 1560 recte
563 1498 708 1581 publicis
724 1501 941 1567 Bibliothecis
964 1512 1059 1569 erant
1081 1507 1175 1594 adJ‘n·

84 1589 218 1671 ligandi.
264 1588 312 1659 Ut
328 1601 365 1660 ut
390 1597 464 1661 haec
480 1599 556 1677 sint,
580 1600 652 1664 sive
674 1600 930 1669 homuncionum
951 1604 1080 1686 frende,
1102 1608 1174 1674 sive

84 1692 281 1777 [brariorum
303 1699 510 1781 negligentia,
535 1700 642 1764 obiter
668 1706 795 1766 tantum
818 1703 892 1768 haec
905 1708 1173 1788 memoravimure,

84 1812 111 1861 c
133 1797 210 1878 qrtis
235 1796 497 1883 bibliographus,
522 1799 578 1864 vel
591 1801 752 1865 bonarum
764 1800 930 1869 literarum
946 1804 1083 1889 diligens
1098 1827 1174 1892 per-

84 1896 262 1979 aetigatcr,
276 1900 374 1966 nobis
388 1901 470 1965 vitio
494 1907 611 1980 vertat,
626 1903 717 1986 qnod
741 1903 882 1972 aliorum
895 1906 1004 1981 fraudi
1018 1911 1072 1976 vel
1085 1897 1173 1988 som-J

84 1994 224 2076 olentiae
243 2000 410 2069 debeatur.
883 2014 888 2024 '
1124 2007 1126 2010 ’

87 2560 92 2571 .
155 2560 160 2569 ,
458 2497 524 2564 DE
543 2412 780 2579 ANTIles

101 2655 1081 2799 ·,‚u1nG1n11-rnnnnrnnnmus.
1125 2758 1129 2766 .

84 2910 135 2988 DS
162 2925 291 3005 antiquis
309 2926 421 3005 Virgilii
441 2928 653 3006 Interpretibue
673 2928 840 3006 diligentins
863 2949 948 3008 agere
972 2949 1041 2990 cum
1060 2929 1171 2992 eonati·

84 3024 200 3097 naum,
221 3024 309 3103 fregit
330 3025 481 3103 impetum,
502 3026 584 3103 quod
605 3025 764 3096 audieram,
789 3027 865 3086 viros
889 3027 1076 3086 doctissimos
1096 3028 1172 3088 inter

84 3121 172 3201 lelgaa
192 3141 261 3182 curn
281 3121 407 3182 maxime
430 3143 498 3183 enm
520 3123 645 3201 lapidem
670 3122 795 3182 'volvere
838 3124 884 3183 Ne
904 3140 1023 3200 prorsus
1036 3133 1174 3201 expecta·

84 3215 180 3278 ionem
193 3216 362 3289 destituam,
377 3219 495 3277 nomina
509 3217 622 3288 saltem,
642 3234 708 3296 quae
723 3217 792 3277 mihi
806 3238 835 3278 se
849 3219 990 3290 obtulere,
1011 3236 1171 3297 apponam.

106 3315 185 3380 Cum
198 3314 236 3374 de
250 3325 426 3394 temporum,
446 3314 554 3393 quibus
569 3314 666 3373 vixere
680 3313 882 3384 Grammatici,
896 3313 1055 3374 rationibue
1069 3333 1172 3392 parum

84 3417 120 3489 ut
141 3409 213 3469 nihil
237 3419 359 3481 constet,
384 3410 421 3469 ad
447 3408 668 3487 alphabeticum
692 3409 826 3469 ordinem
850 3429 901 3469 eos
924 3410 1170 3487 memorabimuag

84 3494 187 3576 mnino
206 3506 282 3565 illud
312 3506 439 3585 praefati,
466 3506 490 3565 si
517 3506 685 3585 diligentius
714 3507 854 3585 inquiras,
883 3507 1075 3584 paucissimos
1097 3526 1173 3581 ease,

84 3592 143 3689 iV⁰⁸
156 3602 226 3662 data
240 3621 330 3681 opera
345 3603 374 3661 in
388 3601 539 3681 Virgilium
561 3612 772 3661 commentatos
787 3622 851 3661 esse
871 3611 995 3661 constet.
1037 3601 1172 3679 Plerique

84 3696 218 3760 r‘libellis
234 3699 293 3759 suis
307 3698 505 3776 grammaticis
519 3697 608 3757 verba
623 3717 658 3756 ex
674 3697 794 3774 Virgilio
819 3697 973 3781 laudarent
996 3703 1025 3755 et
1045 3694 1171 3756 illustra·

84 3804 179 3867 erant,
206 3797 280 3856 male
306 3804 427 3874 propter
455 3795 517 3854 hec
546 3794 576 3851 in
602 3811 755 3852 nnmerum
780 3793 1053 3852 commentatorum
1077 3791 1171 3851 relati.

84 3893 222 3955 'reiterat
235 3893 265 3953 in
283 3892 427 3974 plerisque
447 3894 506 3952 Ge.
522 3889 673 3950 Fabricius
691 3890 721 3948 in
740 3890 937 3948 Auctoruma
955 3887 1058 3949 Servio
1072 3886 1173 3950 lauda·

322 4092 325 4096 ,
570 4032 670 4084 NOTA
725 4105 728 4109 .

394 4138 402 4166 ¹
422 4133 454 4185 ln
465 4134 574 4200 capella
590 4133 646 4186 Caii
659 4132 727 4186 Coll.
736 4130 851 4184 Cantab.
