<?xml version="1.0" encoding="UTF-8"?>
<!DOCTYPE html PUBLIC "-//W3C//DTD XHTML 1.0 Transitional//EN"
    "http://www.w3.org/TR/xhtml1/DTD/xhtml1-transitional.dtd">
<html xmlns="http://www.w3.org/1999/xhtml" xml:lang="en" lang="en">
 <head>
  <title>
</title>
<meta http-equiv="Content-Type" content="text/html;charset=utf-8" />
  <meta name='ocr-system' content='tesseract 3.04.00' />
  <meta name='ocr-capabilities' content='ocr_page ocr_carea ocr_par ocr_line ocrx_word'/>
</head>
<body>
  <div class='ocr_page' id='page_1' title='image "./pvirgiliimaroni00virggoog/pvirgiliimaroni00virggoog_0227.png"; bbox 0 0 2692 4974; ppageno 0'>
   <div class='ocr_carea' id='block_1_1' title="bbox 117 644 824 760">
    <p class='ocr_par' dir='ltr' id='par_1_1' title="bbox 117 644 824 760">
     <span class='ocr_line' id='line_1_1' title="bbox 117 644 824 760; baseline -0.006 -1"><span class='ocrx_word' id='word_1_1' title='bbox 117 695 204 760; x_wconf 65' lang='lat'><strong>4172</strong></span> <span class='ocrx_word' id='word_1_2' title='bbox 457 644 502 725; x_wconf 41' lang='grc' dir='ltr'><em>ἶ</em></span> <span class='ocrx_word' id='word_1_3' title='bbox 520 708 721 760; x_wconf 73' lang='lat' dir='ltr'><strong>excursus</strong></span> <span class='ocrx_word' id='word_1_4' title='bbox 742 706 824 759; x_wconf 73' lang='lat' dir='ltr'><strong>xre.</strong></span> 
     </span>
    </p>
   </div>
   <div class='ocr_carea' id='block_1_2' title="bbox 403 1008 938 1090">
    <p class='ocr_par' dir='ltr' id='par_1_2' title="bbox 403 1008 938 1090">
     <span class='ocr_line' id='line_1_2' title="bbox 403 1008 938 1090; baseline -0.004 -1"><span class='ocrx_word' id='word_1_5' title='bbox 403 1008 778 1090; x_wconf 87' lang='lat' dir='ltr'>EXCURSUS</span> <span class='ocrx_word' id='word_1_6' title='bbox 819 1009 938 1087; x_wconf 66' lang='lat' dir='ltr'><strong>xri.</strong></span> 
     </span>
    </p>
   </div>
   <div class='ocr_carea' id='block_1_3' title="bbox 440 1226 898 1280">
    <p class='ocr_par' dir='ltr' id='par_1_3' title="bbox 440 1226 898 1280">
     <span class='ocr_line' id='line_1_3' title="bbox 440 1226 898 1280; baseline -0.002 -1"><span class='ocrx_word' id='word_1_7' title='bbox 440 1230 492 1279; x_wconf 84' lang='lat' dir='ltr'><strong>DE</strong></span> <span class='ocrx_word' id='word_1_8' title='bbox 508 1229 701 1280; x_wconf 82' lang='lat' dir='ltr'>HERCULEO</span> <span class='ocrx_word' id='word_1_9' title='bbox 717 1226 898 1279; x_wconf 78' lang='lat' dir='ltr'><strong>TARENTO.</strong></span> 
     </span>
    </p>
   </div>
   <div class='ocr_carea' id='block_1_4' title="bbox 66 1403 1264 4514">
    <p class='ocr_par' dir='ltr' id='par_1_4' title="bbox 112 1403 1264 4105">
     <span class='ocr_line' id='line_1_4' title="bbox 163 1403 1264 1488; baseline -0.005 -15"><span class='ocrx_word' id='word_1_10' title='bbox 163 1426 220 1488; x_wconf 90' lang='grc' dir='ltr'><strong>ιιι,</strong></span> <span class='ocrx_word' id='word_1_11' title='bbox 241 1410 304 1476; x_wconf 80' lang='grc'><strong>551</strong></span> <span class='ocrx_word' id='word_1_12' title='bbox 328 1413 340 1445; x_wconf 88' lang='lat'>‘</span> <span class='ocrx_word' id='word_1_13' title='bbox 352 1409 445 1475; x_wconf 89' lang='lat' dir='ltr'><strong>Hinc</strong></span> <span class='ocrx_word' id='word_1_14' title='bbox 460 1409 553 1474; x_wconf 86' lang='lat' dir='ltr'><strong>sinus</strong></span> <span class='ocrx_word' id='word_1_15' title='bbox 569 1409 738 1487; x_wconf 89' lang='lat' dir='ltr'><strong>Herculei,</strong></span> <span class='ocrx_word' id='word_1_16' title='bbox 754 1411 784 1473; x_wconf 86' lang='lat' dir='ltr'><strong>si</strong></span> <span class='ocrx_word' id='word_1_17' title='bbox 808 1425 885 1472; x_wconf 87' lang='lat' dir='ltr'><strong>vera</strong></span> <span class='ocrx_word' id='word_1_18' title='bbox 897 1410 949 1470; x_wconf 88' lang='lat' dir='ltr'><strong>est</strong></span> <span class='ocrx_word' id='word_1_19' title='bbox 974 1405 1080 1482; x_wconf 81' lang='lat' dir='ltr'><strong>lama,</strong></span> <span class='ocrx_word' id='word_1_20' title='bbox 1090 1403 1214 1469; x_wconf 76' lang='lat' dir='ltr'><strong>&#39;lbrentt</strong></span> <span class='ocrx_word' id='word_1_21' title='bbox 1256 1420 1264 1467; x_wconf 87' lang='lat' dir='ltr'><strong>r</strong></span> 
     </span>
     <span class='ocr_line' id='line_1_5' title="bbox 120 1496 1264 1590; baseline -0.006 -15"><span class='ocrx_word' id='word_1_22' title='bbox 120 1507 292 1577; x_wconf 72' lang='lat' dir='ltr'><strong>comitur:</strong></span> <span class='ocrx_word' id='word_1_23' title='bbox 336 1510 424 1590; x_wconf 82' lang='lat' dir='ltr'><strong>Ques</strong></span> <span class='ocrx_word' id='word_1_24' title='bbox 439 1509 480 1574; x_wconf 90' lang='lat' dir='ltr'><strong>de</strong></span> <span class='ocrx_word' id='word_1_25' title='bbox 493 1509 635 1574; x_wconf 77' lang='lat' dir='ltr'><strong>Taranta</strong></span> <span class='ocrx_word' id='word_1_26' title='bbox 649 1507 748 1574; x_wconf 73' lang='lat' dir='ltr'><strong>heroii</strong></span> <span class='ocrx_word' id='word_1_27' title='bbox 762 1514 795 1573; x_wconf 91' lang='lat' dir='ltr'><strong>et</strong></span> <span class='ocrx_word' id='word_1_28' title='bbox 818 1504 1018 1582; x_wconf 85' lang='lat' dir='ltr'><strong>Pbalontbo,</strong></span> <span class='ocrx_word' id='word_1_29' title='bbox 1032 1496 1216 1569; x_wconf 59' lang='lat' dir='ltr'><strong>aarum</strong></span> <span class='ocrx_word' id='word_1_30' title='bbox 1256 1503 1264 1568; x_wconf 91' lang='lat' dir='ltr'><strong>l</strong></span> 
     </span>
     <span class='ocr_line' id='line_1_6' title="bbox 118 1602 1264 1696; baseline -0.008 -21"><span class='ocrx_word' id='word_1_31' title='bbox 118 1631 191 1675; x_wconf 83' lang='lat' dir='ltr'><strong>rum</strong></span> <span class='ocrx_word' id='word_1_32' title='bbox 204 1612 338 1678; x_wconf 87' lang='lat' dir='ltr'><strong>ductore</strong></span> <span class='ocrx_word' id='word_1_33' title='bbox 357 1611 409 1696; x_wconf 87' lang='lat' dir='ltr'><strong>(v.</strong></span> <span class='ocrx_word' id='word_1_34' title='bbox 424 1611 534 1676; x_wconf 87' lang='lat' dir='ltr'><strong>Strab.</strong></span> <span class='ocrx_word' id='word_1_35' title='bbox 548 1628 599 1687; x_wconf 79' lang='lat' dir='ltr'><strong>rr,</strong></span> <span class='ocrx_word' id='word_1_36' title='bbox 614 1632 648 1694; x_wconf 91' lang='lat' dir='ltr'><strong>p.</strong></span> <span class='ocrx_word' id='word_1_37' title='bbox 663 1610 730 1675; x_wconf 78' lang='lat'><strong>278</strong></span> <span class='ocrx_word' id='word_1_38' title='bbox 744 1628 816 1692; x_wconf 85' lang='lat' dir='ltr'>sqq.</span> <span class='ocrx_word' id='word_1_39' title='bbox 831 1607 875 1672; x_wconf 85' lang='lat' dir='ltr'><strong>cf.</strong></span> <span class='ocrx_word' id='word_1_40' title='bbox 888 1625 965 1691; x_wconf 87' lang='lat' dir='ltr'><strong>sup.</strong></span> <span class='ocrx_word' id='word_1_41' title='bbox 980 1604 1026 1670; x_wconf 83' lang='lat' dir='ltr'><strong>ad</strong></span> <span class='ocrx_word' id='word_1_42' title='bbox 1048 1618 1090 1669; x_wconf 77' lang='grc' dir='ltr'><strong>ιν</strong></span> <span class='ocrx_word' id='word_1_43' title='bbox 1104 1602 1216 1687; x_wconf 73' lang='lat' dir='ltr'><strong>Georg.</strong></span> <span class='ocrx_word' id='word_1_44' title='bbox 1257 1603 1264 1666; x_wconf 93' lang='lat' dir='ltr'><strong>l</strong></span> 
     </span>
     <span class='ocr_line' id='line_1_7' title="bbox 117 1698 1264 1797; baseline -0.01 -19"><span class='ocrx_word' id='word_1_45' title='bbox 117 1708 212 1797; x_wconf 74' lang='lat'><strong>125),</strong></span> <span class='ocrx_word' id='word_1_46' title='bbox 235 1712 413 1779; x_wconf 82' lang='lat' dir='ltr'><strong>Serviuset</strong></span> <span class='ocrx_word' id='word_1_47' title='bbox 427 1713 486 1777; x_wconf 89' lang='lat' dir='ltr'><strong>alii</strong></span> <span class='ocrx_word' id='word_1_48' title='bbox 498 1714 552 1777; x_wconf 90' lang='lat' dir='ltr'><strong>bic</strong></span> <span class='ocrx_word' id='word_1_49' title='bbox 567 1711 879 1790; x_wconf 86' lang='lat' dir='ltr'><strong>memorant,aliena</strong></span> <span class='ocrx_word' id='word_1_50' title='bbox 891 1715 978 1775; x_wconf 83' lang='lat' dir='ltr'><strong>sunt</strong></span> <span class='ocrx_word' id='word_1_51' title='bbox 999 1698 1095 1774; x_wconf 79' lang='lat' dir='ltr'><strong>Nrim</strong></span> <span class='ocrx_word' id='word_1_52' title='bbox 1109 1706 1219 1785; x_wconf 69' lang='lat' dir='ltr'><strong>&#39;lbrary</strong></span> <span class='ocrx_word' id='word_1_53' title='bbox 1257 1705 1264 1767; x_wconf 83' lang='lat' dir='ltr'><strong>l</strong></span> 
     </span>
     <span class='ocr_line' id='line_1_8' title="bbox 116 1804 1264 1892; baseline -0.008 -14"><span class='ocrx_word' id='word_1_54' title='bbox 116 1812 254 1879; x_wconf 80' lang='lat' dir='ltr'><strong>Tarenti</strong></span> <span class='ocrx_word' id='word_1_55' title='bbox 272 1804 434 1892; x_wconf 82' lang='lat' dir='ltr'><strong>conditor,</strong></span> <span class='ocrx_word' id='word_1_56' title='bbox 457 1814 650 1878; x_wconf 87' lang='lat' dir='ltr'><strong>notissimus</strong></span> <span class='ocrx_word' id='word_1_57' title='bbox 664 1813 721 1876; x_wconf 92' lang='lat' dir='ltr'><strong>ille</strong></span> <span class='ocrx_word' id='word_1_58' title='bbox 734 1811 831 1875; x_wconf 83' lang='lat' dir='ltr'><strong>vele</strong></span> <span class='ocrx_word' id='word_1_59' title='bbox 844 1808 1099 1874; x_wconf 84' lang='lat' dir='ltr'><strong>Tarentinormn</strong></span> <span class='ocrx_word' id='word_1_60' title='bbox 1118 1808 1233 1872; x_wconf 80' lang='lat' dir='ltr'><strong>sumis.</strong></span> <span class='ocrx_word' id='word_1_61' title='bbox 1258 1805 1264 1867; x_wconf 88' lang='lat' dir='ltr'><strong>l</strong></span> 
     </span>
     <span class='ocr_line' id='line_1_9' title="bbox 115 1906 1264 2000; baseline -0.009 -21"><span class='ocrx_word' id='word_1_62' title='bbox 115 1912 168 2000; x_wconf 76' lang='grc' dir='ltr'><strong>’(ν.</strong></span> <span class='ocrx_word' id='word_1_63' title='bbox 183 1913 309 1980; x_wconf 83' lang='lat' dir='ltr'><strong>Eckbel</strong></span> <span class='ocrx_word' id='word_1_64' title='bbox 331 1920 408 1998; x_wconf 82' lang='lat' dir='ltr'><strong>post</strong></span> <span class='ocrx_word' id='word_1_65' title='bbox 431 1913 600 1990; x_wconf 86' lang='lat' dir='ltr'><strong>Golzium,</strong></span> <span class='ocrx_word' id='word_1_66' title='bbox 616 1911 777 1994; x_wconf 81' lang='lat' dir='ltr'><strong>Magnam,</strong></span> <span class='ocrx_word' id='word_1_67' title='bbox 800 1908 1002 1974; x_wconf 78' lang='lat' dir='ltr'><strong>Pallorinum</strong></span> <span class='ocrx_word' id='word_1_68' title='bbox 1024 1906 1170 1995; x_wconf 80' lang='lat' dir='ltr'><strong>‘Suppb</strong></span> <span class='ocrx_word' id='word_1_69' title='bbox 1183 1923 1216 1971; x_wconf 80' lang='grc' dir='ltr'><strong>ιι</strong></span> <span class='ocrx_word' id='word_1_70' title='bbox 1259 1907 1264 1968; x_wconf 91' lang='lat' dir='ltr'><strong>l</strong></span> 
     </span>
     <span class='ocr_line' id='line_1_10' title="bbox 119 2007 1264 2096; baseline -0.006 -18"><span class='ocrx_word' id='word_1_71' title='bbox 119 2034 164 2079; x_wconf 89' lang='lat' dir='ltr'><strong>au</strong></span> <span class='ocrx_word' id='word_1_72' title='bbox 178 2015 319 2081; x_wconf 84' lang='lat' dir='ltr'><strong>Recueil</strong></span> <span class='ocrx_word' id='word_1_73' title='bbox 332 2016 391 2080; x_wconf 90' lang='lat' dir='ltr'><strong>des</strong></span> <span class='ocrx_word' id='word_1_74' title='bbox 415 2015 591 2079; x_wconf 85' lang='lat' dir='ltr'><strong>Medailles</strong></span> <span class='ocrx_word' id='word_1_75' title='bbox 606 2013 649 2078; x_wconf 89' lang='lat' dir='ltr'><strong>ad</strong></span> <span class='ocrx_word' id='word_1_76' title='bbox 670 2013 717 2096; x_wconf 91' lang='lat' dir='ltr'><strong>pl.</strong></span> <span class='ocrx_word' id='word_1_77' title='bbox 734 2029 775 2089; x_wconf 89' lang='grc' dir='ltr'><strong>ιι,</strong></span> <span class='ocrx_word' id='word_1_78' title='bbox 790 2007 861 2093; x_wconf 86' lang='grc'><strong>10),</strong></span> <span class='ocrx_word' id='word_1_79' title='bbox 883 2008 1036 2094; x_wconf 87' lang='lat' dir='ltr'><strong>Neptuni</strong></span> <span class='ocrx_word' id='word_1_80' title='bbox 1048 2009 1117 2073; x_wconf 90' lang='lat' dir='ltr'><strong>suit</strong></span> <span class='ocrx_word' id='word_1_81' title='bbox 1127 2008 1218 2086; x_wconf 86' lang='lat' dir='ltr'><strong>filim,</strong></span> <span class='ocrx_word' id='word_1_82' title='bbox 1260 2016 1264 2069; x_wconf 86' lang='lat' dir='ltr'><strong>l</strong></span> 
     </span>
     <span class='ocr_line' id='line_1_11' title="bbox 118 2109 1264 2198; baseline -0.009 -19"><span class='ocrx_word' id='word_1_83' title='bbox 118 2114 264 2198; x_wconf 82' lang='lat' dir='ltr'>nihilque</span> <span class='ocrx_word' id='word_1_84' title='bbox 276 2116 379 2180; x_wconf 87' lang='lat' dir='ltr'><strong>babet</strong></span> <span class='ocrx_word' id='word_1_85' title='bbox 402 2134 574 2180; x_wconf 82' lang='lat' dir='ltr'><strong>commmre</strong></span> <span class='ocrx_word' id='word_1_86' title='bbox 591 2134 667 2178; x_wconf 90' lang='lat' dir='ltr'><strong>cum</strong></span> <span class='ocrx_word' id='word_1_87' title='bbox 682 2113 838 2178; x_wconf 84' lang='lat' dir='ltr'><strong>Hercule.</strong></span> <span class='ocrx_word' id='word_1_88' title='bbox 881 2109 1091 2175; x_wconf 86' lang='lat' dir='ltr'><strong>Phalantbus</strong></span> <span class='ocrx_word' id='word_1_89' title='bbox 1104 2116 1218 2187; x_wconf 88' lang='lat' dir='ltr'><strong>autem,</strong></span> <span class='ocrx_word' id='word_1_90' title='bbox 1239 2190 1242 2195; x_wconf 18' lang='grc' dir='ltr'>ι</span> <span class='ocrx_word' id='word_1_91' title='bbox 1261 2129 1264 2169; x_wconf 83' lang='grc' dir='ltr'><strong>ι</strong></span> 
     </span>
     <span class='ocr_line' id='line_1_12' title="bbox 119 2209 1264 2297; baseline -0.002 -22"><span class='ocrx_word' id='word_1_92' title='bbox 119 2231 217 2297; x_wconf 87' lang='lat' dir='ltr'><strong>quem</strong></span> <span class='ocrx_word' id='word_1_93' title='bbox 230 2212 366 2278; x_wconf 86' lang='lat' dir='ltr'><strong>Servius</strong></span> <span class='ocrx_word' id='word_1_94' title='bbox 379 2220 536 2279; x_wconf 86' lang='lat' dir='ltr'><strong>octavum</strong></span> <span class='ocrx_word' id='word_1_95' title='bbox 551 2215 595 2277; x_wconf 90' lang='lat' dir='ltr'><strong>ab</strong></span> <span class='ocrx_word' id='word_1_96' title='bbox 617 2213 765 2278; x_wconf 86' lang='lat' dir='ltr'>Hercule</span> <span class='ocrx_word' id='word_1_97' title='bbox 780 2213 873 2288; x_wconf 81' lang='lat' dir='ltr'><strong>facit,</strong></span> <span class='ocrx_word' id='word_1_98' title='bbox 888 2210 976 2275; x_wconf 87' lang='lat' dir='ltr'><strong>ultra</strong></span> <span class='ocrx_word' id='word_1_99' title='bbox 988 2214 1155 2275; x_wconf 89' lang='lat' dir='ltr'><strong>trecentos</strong></span> <span class='ocrx_word' id='word_1_100' title='bbox 1168 2228 1218 2274; x_wconf 78' lang='lat' dir='ltr'><strong>an·</strong></span> <span class='ocrx_word' id='word_1_101' title='bbox 1261 2209 1264 2272; x_wconf 89' lang='lat' dir='ltr'><strong>l</strong></span> 
     </span>
     <span class='ocr_line' id='line_1_13' title="bbox 116 2309 1264 2397; baseline -0.003 -22"><span class='ocrx_word' id='word_1_102' title='bbox 116 2329 181 2376; x_wconf 89' lang='lat' dir='ltr'><strong>nos</strong></span> <span class='ocrx_word' id='word_1_103' title='bbox 195 2321 274 2396; x_wconf 91' lang='lat' dir='ltr'><strong>post</strong></span> <span class='ocrx_word' id='word_1_104' title='bbox 293 2314 440 2397; x_wconf 65' lang='lat' dir='ltr'><strong>&#39;ltojana</strong></span> <span class='ocrx_word' id='word_1_105' title='bbox 454 2319 605 2397; x_wconf 90' lang='lat' dir='ltr'><strong>tempora</strong></span> <span class='ocrx_word' id='word_1_106' title='bbox 626 2316 723 2380; x_wconf 87' lang='lat' dir='ltr'><strong>vixit.</strong></span> <span class='ocrx_word' id='word_1_107' title='bbox 767 2312 857 2377; x_wconf 91' lang='lat' dir='ltr'><strong>Vide</strong></span> <span class='ocrx_word' id='word_1_108' title='bbox 876 2312 931 2375; x_wconf 86' lang='lat' dir='ltr'><strong>vel</strong></span> <span class='ocrx_word' id='word_1_109' title='bbox 957 2311 1104 2376; x_wconf 77' lang='lat' dir='ltr'><strong>Simeon.</strong></span> <span class='ocrx_word' id='word_1_110' title='bbox 1125 2309 1220 2376; x_wconf 77' lang='lat' dir='ltr'><strong>cbo</strong></span> <span class='ocrx_word' id='word_1_111' title='bbox 1262 2327 1264 2372; x_wconf 75' lang='lat' dir='ltr'><strong>r</strong></span> 
     </span>
     <span class='ocr_line' id='line_1_14' title="bbox 112 2409 1218 2498; baseline 0.002 -23"><span class='ocrx_word' id='word_1_112' title='bbox 112 2409 184 2476; x_wconf 81' lang='lat' dir='ltr'><strong>nic.</strong></span> <span class='ocrx_word' id='word_1_113' title='bbox 228 2412 347 2496; x_wconf 81' lang='lat' dir='ltr'><strong>Neque</strong></span> <span class='ocrx_word' id='word_1_114' title='bbox 371 2433 430 2497; x_wconf 92' lang='lat' dir='ltr'><strong>per</strong></span> <span class='ocrx_word' id='word_1_115' title='bbox 451 2415 620 2498; x_wconf 86' lang='lat' dir='ltr'><strong>prolepsin</strong></span> <span class='ocrx_word' id='word_1_116' title='bbox 644 2414 736 2498; x_wconf 87' lang='lat' dir='ltr'><strong>loqui</strong></span> <span class='ocrx_word' id='word_1_117' title='bbox 758 2413 893 2497; x_wconf 75' lang='lat' dir='ltr'><strong>politam</strong></span> <span class='ocrx_word' id='word_1_118' title='bbox 908 2411 1090 2476; x_wconf 81' lang='lat' dir='ltr'><strong>admodum</strong></span> <span class='ocrx_word' id='word_1_119' title='bbox 1114 2411 1218 2488; x_wconf 85' lang='lat' dir='ltr'><strong>velim,</strong></span> 
     </span>
     <span class='ocr_line' id='line_1_15' title="bbox 120 2511 1219 2597; baseline -0.001 -22"><span class='ocrx_word' id='word_1_120' title='bbox 120 2513 211 2597; x_wconf 91' lang='lat' dir='ltr'><strong>quod</strong></span> <span class='ocrx_word' id='word_1_121' title='bbox 226 2512 424 2578; x_wconf 86' lang='lat' dir='ltr'><strong>Mazocbius</strong></span> <span class='ocrx_word' id='word_1_122' title='bbox 438 2514 614 2597; x_wconf 87' lang='lat' dir='ltr'><strong>amplexus</strong></span> <span class='ocrx_word' id='word_1_123' title='bbox 629 2521 680 2579; x_wconf 85' lang='lat' dir='ltr'><strong>est</strong></span> <span class='ocrx_word' id='word_1_124' title='bbox 695 2513 736 2577; x_wconf 89' lang='lat' dir='ltr'><strong>de</strong></span> <span class='ocrx_word' id='word_1_125' title='bbox 750 2514 859 2577; x_wconf 86' lang='lat' dir='ltr'><strong>Tabb.</strong></span> <span class='ocrx_word' id='word_1_126' title='bbox 875 2511 1093 2576; x_wconf 86' lang='lat' dir='ltr'><strong>Heracleens.</strong></span> <span class='ocrx_word' id='word_1_127' title='bbox 1108 2511 1219 2578; x_wconf 88' lang='lat' dir='ltr'><strong>Prodr.</strong></span> 
     </span>
     <span class='ocr_line' id='line_1_16' title="bbox 120 2611 1220 2693; baseline 0.001 -17"><span class='ocrx_word' id='word_1_128' title='bbox 120 2633 151 2677; x_wconf 90' lang='lat' dir='ltr'><strong>c.</strong></span> <span class='ocrx_word' id='word_1_129' title='bbox 166 2617 200 2691; x_wconf 84' lang='grc'><strong>4,</strong></span> <span class='ocrx_word' id='word_1_130' title='bbox 215 2616 275 2679; x_wconf 92' lang='lat' dir='ltr'><strong>ubi</strong></span> <span class='ocrx_word' id='word_1_131' title='bbox 295 2617 409 2680; x_wconf 83' lang='lat' dir='ltr'><strong>multis</strong></span> <span class='ocrx_word' id='word_1_132' title='bbox 424 2615 466 2678; x_wconf 91' lang='lat' dir='ltr'><strong>de</strong></span> <span class='ocrx_word' id='word_1_133' title='bbox 480 2614 622 2679; x_wconf 87' lang='lat' dir='ltr'><strong>Tarento</strong></span> <span class='ocrx_word' id='word_1_134' title='bbox 645 2620 754 2679; x_wconf 85' lang='lat' dir='ltr'><strong>vetere</strong></span> <span class='ocrx_word' id='word_1_135' title='bbox 774 2617 852 2693; x_wconf 81' lang='lat' dir='ltr'><strong>agit.</strong></span> <span class='ocrx_word' id='word_1_136' title='bbox 898 2612 991 2678; x_wconf 90' lang='lat' dir='ltr'><strong>Nam</strong></span> <span class='ocrx_word' id='word_1_137' title='bbox 1004 2612 1061 2678; x_wconf 84' lang='lat' dir='ltr'><strong>Jo.</strong></span> <span class='ocrx_word' id='word_1_138' title='bbox 1075 2611 1220 2689; x_wconf 82' lang='lat' dir='ltr'><strong>Juvenis,</strong></span> 
     </span>
     <span class='ocr_line' id='line_1_17' title="bbox 120 2713 1220 2798; baseline 0.002 -21"><span class='ocrx_word' id='word_1_139' title='bbox 120 2717 178 2797; x_wconf 92' lang='lat' dir='ltr'><strong>qui</strong></span> <span class='ocrx_word' id='word_1_140' title='bbox 196 2714 238 2780; x_wconf 91' lang='lat' dir='ltr'><strong>de</strong></span> <span class='ocrx_word' id='word_1_141' title='bbox 254 2715 389 2798; x_wconf 87' lang='lat' dir='ltr'><strong>Antiqu.</strong></span> <span class='ocrx_word' id='word_1_142' title='bbox 404 2722 438 2780; x_wconf 90' lang='lat' dir='ltr'><strong>et</strong></span> <span class='ocrx_word' id='word_1_143' title='bbox 450 2734 521 2780; x_wconf 82' lang='lat' dir='ltr'><strong>var.</strong></span> <span class='ocrx_word' id='word_1_144' title='bbox 535 2715 668 2780; x_wconf 87' lang='lat' dir='ltr'><strong>fortuna</strong></span> <span class='ocrx_word' id='word_1_145' title='bbox 680 2715 814 2778; x_wconf 79' lang='lat' dir='ltr'><strong>Terent.</strong></span> <span class='ocrx_word' id='word_1_146' title='bbox 839 2714 983 2797; x_wconf 87' lang='lat' dir='ltr'><strong>scripsit,</strong></span> <span class='ocrx_word' id='word_1_147' title='bbox 1003 2713 1088 2777; x_wconf 89' lang='lat' dir='ltr'><strong>nibil</strong></span> <span class='ocrx_word' id='word_1_148' title='bbox 1110 2713 1152 2779; x_wconf 91' lang='lat' dir='ltr'><strong>de</strong></span> <span class='ocrx_word' id='word_1_149' title='bbox 1163 2732 1220 2779; x_wconf 87' lang='lat' dir='ltr'><strong>suo</strong></span> 
     </span>
     <span class='ocr_line' id='line_1_18' title="bbox 120 2812 1221 2900; baseline 0.005 -23"><span class='ocrx_word' id='word_1_150' title='bbox 120 2815 237 2880; x_wconf 90' lang='lat' dir='ltr'><strong>attulit.</strong></span> <span class='ocrx_word' id='word_1_151' title='bbox 282 2814 409 2880; x_wconf 85' lang='lat' dir='ltr'><strong>Ceteris</strong></span> <span class='ocrx_word' id='word_1_152' title='bbox 431 2813 731 2879; x_wconf 79' lang='lat' dir='ltr'><strong>Grammaticorum</strong></span> <span class='ocrx_word' id='word_1_153' title='bbox 754 2814 845 2898; x_wconf 90' lang='lat' dir='ltr'><strong>apud</strong></span> <span class='ocrx_word' id='word_1_154' title='bbox 862 2812 1012 2878; x_wconf 82' lang='lat' dir='ltr'><strong>Servium</strong></span> <span class='ocrx_word' id='word_1_155' title='bbox 1030 2814 1129 2897; x_wconf 77' lang='lat' dir='ltr'><strong>nugis</strong></span> <span class='ocrx_word' id='word_1_156' title='bbox 1141 2834 1221 2900; x_wconf 75' lang='lat' dir='ltr'><strong>prte-</strong></span> 
     </span>
     <span class='ocr_line' id='line_1_19' title="bbox 119 2913 1221 2999; baseline 0.004 -22"><span class='ocrx_word' id='word_1_157' title='bbox 119 2913 288 2980; x_wconf 85' lang='lat' dir='ltr'><strong>fereudum</strong></span> <span class='ocrx_word' id='word_1_158' title='bbox 305 2916 380 2993; x_wconf 90' lang='lat' dir='ltr'><strong>boc,</strong></span> <span class='ocrx_word' id='word_1_159' title='bbox 395 2914 484 2997; x_wconf 93' lang='lat' dir='ltr'><strong>quod</strong></span> <span class='ocrx_word' id='word_1_160' title='bbox 510 2914 675 2999; x_wconf 90' lang='lat' dir='ltr'><strong>Pompon.</strong></span> <span class='ocrx_word' id='word_1_161' title='bbox 702 2914 783 2979; x_wconf 90' lang='lat' dir='ltr'><strong>Sab.</strong></span> <span class='ocrx_word' id='word_1_162' title='bbox 799 2915 917 2979; x_wconf 83' lang='lat' dir='ltr'><strong>babet:</strong></span> <span class='ocrx_word' id='word_1_163' title='bbox 941 2914 1145 2980; x_wconf 78' lang='lat' dir='ltr'><strong>‘Tarentum</strong></span> <span class='ocrx_word' id='word_1_164' title='bbox 1162 2916 1221 2981; x_wconf 78' lang='lat' dir='ltr'><strong>rub</strong></span> 
     </span>
     <span class='ocr_line' id='line_1_20' title="bbox 121 3014 1222 3101; baseline 0.003 -22"><span class='ocrx_word' id='word_1_165' title='bbox 121 3015 279 3080; x_wconf 89' lang='lat' dir='ltr'><strong>Herculis</strong></span> <span class='ocrx_word' id='word_1_166' title='bbox 292 3017 395 3080; x_wconf 86' lang='lat' dir='ltr'><strong>tutela</strong></span> <span class='ocrx_word' id='word_1_167' title='bbox 408 3016 489 3096; x_wconf 82' lang='lat' dir='ltr'><strong>luit3</strong></span> <span class='ocrx_word' id='word_1_168' title='bbox 511 3016 546 3078; x_wconf 92' lang='lat' dir='ltr'><strong>in</strong></span> <span class='ocrx_word' id='word_1_169' title='bbox 567 3035 608 3079; x_wconf 89' lang='lat' dir='ltr'><strong>ea</strong></span> <span class='ocrx_word' id='word_1_170' title='bbox 622 3017 818 3083; x_wconf 81' lang='lat' dir='ltr'><strong>servabatur</strong></span> <span class='ocrx_word' id='word_1_171' title='bbox 832 3014 993 3080; x_wconf 81' lang='lat' dir='ltr'><strong>Herculis</strong></span> <span class='ocrx_word' id='word_1_172' title='bbox 1006 3035 1104 3082; x_wconf 82' lang='lat' dir='ltr'><strong>aenea</strong></span> <span class='ocrx_word' id='word_1_173' title='bbox 1117 3018 1222 3101; x_wconf 73' lang='lat' dir='ltr'><strong>imago</strong></span> 
     </span>
     <span class='ocr_line' id='line_1_21' title="bbox 119 3114 1222 3200; baseline 0.005 -23"><span class='ocrx_word' id='word_1_174' title='bbox 119 3134 143 3177; x_wconf 86' lang='lat' dir='ltr'><strong>a</strong></span> <span class='ocrx_word' id='word_1_175' title='bbox 157 3115 307 3200; x_wconf 75' lang='lat' dir='ltr'><strong>Lysippo</strong></span> <span class='ocrx_word' id='word_1_176' title='bbox 320 3114 423 3194; x_wconf 86' lang='lat' dir='ltr'><strong>facta,</strong></span> <span class='ocrx_word' id='word_1_177' title='bbox 438 3133 539 3198; x_wconf 91' lang='lat' dir='ltr'><strong>quam</strong></span> <span class='ocrx_word' id='word_1_178' title='bbox 555 3114 681 3179; x_wconf 84' lang='lat' dir='ltr'><strong>Fabius</strong></span> <span class='ocrx_word' id='word_1_179' title='bbox 697 3115 794 3181; x_wconf 83' lang='lat' dir='ltr'><strong>Max.</strong></span> <span class='ocrx_word' id='word_1_180' title='bbox 816 3115 964 3181; x_wconf 81' lang='lat' dir='ltr'><strong>secrmdo</strong></span> <span class='ocrx_word' id='word_1_181' title='bbox 977 3117 1068 3181; x_wconf 92' lang='lat' dir='ltr'><strong>bello</strong></span> <span class='ocrx_word' id='word_1_182' title='bbox 1096 3116 1222 3183; x_wconf 88' lang='lat' dir='ltr'><strong>Punico</strong></span> 
     </span>
     <span class='ocr_line' id='line_1_22' title="bbox 120 3214 1222 3301; baseline 0.001 -22"><span class='ocrx_word' id='word_1_183' title='bbox 120 3217 274 3280; x_wconf 86' lang='lat' dir='ltr'><strong>victorin</strong></span> <span class='ocrx_word' id='word_1_184' title='bbox 298 3214 500 3299; x_wconf 84' lang='lat' dir='ltr'><strong>Capitolium</strong></span> <span class='ocrx_word' id='word_1_185' title='bbox 519 3214 690 3281; x_wconf 85' lang='lat' dir='ltr'><strong>transtulit’</strong></span> <span class='ocrx_word' id='word_1_186' title='bbox 711 3216 761 3301; x_wconf 88' lang='lat' dir='ltr'><strong>(v.</strong></span> <span class='ocrx_word' id='word_1_187' title='bbox 784 3216 874 3283; x_wconf 86' lang='lat' dir='ltr'><strong>Plin.</strong></span> <span class='ocrx_word' id='word_1_188' title='bbox 898 3232 1045 3296; x_wconf 80' lang='lat' dir='ltr'><strong>xxxiv,</strong></span> <span class='ocrx_word' id='word_1_189' title='bbox 1056 3221 1091 3296; x_wconf 85' lang='lat'><strong>7,</strong></span> <span class='ocrx_word' id='word_1_190' title='bbox 1108 3238 1137 3282; x_wconf 85' lang='lat' dir='ltr'><strong>s.</strong></span> <span class='ocrx_word' id='word_1_191' title='bbox 1159 3218 1222 3297; x_wconf 89' lang='grc'>18).</span> 
     </span>
     <span class='ocr_line' id='line_1_23' title="bbox 121 3315 1222 3401; baseline 0.002 -21"><span class='ocrx_word' id='word_1_192' title='bbox 121 3315 190 3380; x_wconf 87' lang='lat' dir='ltr'><strong>Sed</strong></span> <span class='ocrx_word' id='word_1_193' title='bbox 210 3315 451 3401; x_wconf 86' lang='lat' dir='ltr'><strong>Pomponiuse</strong></span> <span class='ocrx_word' id='word_1_194' title='bbox 474 3315 636 3380; x_wconf 83' lang='lat' dir='ltr'><strong>Strabone</strong></span> <span class='ocrx_word' id='word_1_195' title='bbox 659 3317 780 3383; x_wconf 86' lang='lat' dir='ltr'><strong>sumsit</strong></span> <span class='ocrx_word' id='word_1_196' title='bbox 800 3318 859 3382; x_wconf 88' lang='lat' dir='ltr'><strong>lib.</strong></span> <span class='ocrx_word' id='word_1_197' title='bbox 874 3335 926 3397; x_wconf 85' lang='lat' dir='ltr'><strong>vr,</strong></span> <span class='ocrx_word' id='word_1_198' title='bbox 948 3339 983 3401; x_wconf 91' lang='lat' dir='ltr'><strong>p.</strong></span> <span class='ocrx_word' id='word_1_199' title='bbox 998 3318 1065 3383; x_wconf 76' lang='lat'><strong>378</strong></span> <span class='ocrx_word' id='word_1_200' title='bbox 1082 3336 1116 3396; x_wconf 83' lang='lat' dir='ltr'><strong>a,</strong></span> <span class='ocrx_word' id='word_1_201' title='bbox 1138 3317 1222 3384; x_wconf 88' lang='lat' dir='ltr'><strong>uude</strong></span> 
     </span>
     <span class='ocr_line' id='line_1_24' title="bbox 119 3417 1222 3502; baseline 0.001 -20"><span class='ocrx_word' id='word_1_202' title='bbox 119 3422 229 3482; x_wconf 88' lang='lat' dir='ltr'><strong>tamen</strong></span> <span class='ocrx_word' id='word_1_203' title='bbox 242 3419 408 3502; x_wconf 83' lang='lat' dir='ltr'><strong>posterius</strong></span> <span class='ocrx_word' id='word_1_204' title='bbox 431 3423 556 3482; x_wconf 88' lang='lat' dir='ltr'><strong>tantum</strong></span> <span class='ocrx_word' id='word_1_205' title='bbox 578 3417 745 3482; x_wconf 87' lang='lat' dir='ltr'><strong>firmatur:</strong></span> <span class='ocrx_word' id='word_1_206' title='bbox 768 3424 803 3484; x_wconf 93' lang='lat' dir='ltr'><strong>at</strong></span> <span class='ocrx_word' id='word_1_207' title='bbox 815 3421 905 3502; x_wconf 89' lang='lat' dir='ltr'><strong>prius</strong></span> <span class='ocrx_word' id='word_1_208' title='bbox 930 3418 1024 3498; x_wconf 88' lang='lat' dir='ltr'><strong>illud,</strong></span> <span class='ocrx_word' id='word_1_209' title='bbox 1046 3419 1138 3502; x_wconf 94' lang='lat' dir='ltr'><strong>quod</strong></span> <span class='ocrx_word' id='word_1_210' title='bbox 1160 3418 1222 3483; x_wconf 81' lang='lat' dir='ltr'><strong>Ta-</strong></span> 
     </span>
     <span class='ocr_line' id='line_1_25' title="bbox 120 3517 1222 3603; baseline 0 -19"><span class='ocrx_word' id='word_1_211' title='bbox 120 3525 247 3586; x_wconf 89' lang='lat' dir='ltr'><strong>rentum</strong></span> <span class='ocrx_word' id='word_1_212' title='bbox 262 3522 325 3584; x_wconf 89' lang='lat' dir='ltr'><strong>sub</strong></span> <span class='ocrx_word' id='word_1_213' title='bbox 340 3519 497 3585; x_wconf 89' lang='lat' dir='ltr'><strong>Herculis</strong></span> <span class='ocrx_word' id='word_1_214' title='bbox 511 3517 615 3585; x_wconf 89' lang='lat' dir='ltr'><strong>tutela</strong></span> <span class='ocrx_word' id='word_1_215' title='bbox 637 3519 713 3597; x_wconf 83' lang='lat' dir='ltr'><strong>fuit,</strong></span> <span class='ocrx_word' id='word_1_216' title='bbox 733 3521 796 3584; x_wconf 84' lang='lat' dir='ltr'><strong>etsi</strong></span> <span class='ocrx_word' id='word_1_217' title='bbox 811 3520 845 3584; x_wconf 93' lang='lat' dir='ltr'><strong>id</strong></span> <span class='ocrx_word' id='word_1_218' title='bbox 859 3539 904 3584; x_wconf 91' lang='lat' dir='ltr'><strong>ex</strong></span> <span class='ocrx_word' id='word_1_219' title='bbox 926 3539 967 3584; x_wconf 89' lang='lat' dir='ltr'><strong>eo</strong></span> <span class='ocrx_word' id='word_1_220' title='bbox 987 3519 1164 3603; x_wconf 85' lang='lat' dir='ltr'><strong>probabile</strong></span> <span class='ocrx_word' id='word_1_221' title='bbox 1177 3520 1222 3584; x_wconf 85' lang='lat' dir='ltr'><strong>sa·</strong></span> 
     </span>
     <span class='ocr_line' id='line_1_26' title="bbox 121 3620 1223 3706; baseline -0.002 -18"><span class='ocrx_word' id='word_1_222' title='bbox 121 3643 195 3689; x_wconf 89' lang='lat' dir='ltr'><strong>cere</strong></span> <span class='ocrx_word' id='word_1_223' title='bbox 208 3624 332 3706; x_wconf 90' lang='lat' dir='ltr'><strong>possis,</strong></span> <span class='ocrx_word' id='word_1_224' title='bbox 346 3621 435 3705; x_wconf 92' lang='lat' dir='ltr'><strong>quod</strong></span> <span class='ocrx_word' id='word_1_225' title='bbox 448 3621 550 3685; x_wconf 83' lang='lat' dir='ltr'><strong>ducta</strong></span> <span class='ocrx_word' id='word_1_226' title='bbox 573 3621 785 3703; x_wconf 87' lang='lat' dir='ltr'><strong>postmodum</strong></span> <span class='ocrx_word' id='word_1_227' title='bbox 799 3639 841 3685; x_wconf 89' lang='lat' dir='ltr'><strong>eo</strong></span> <span class='ocrx_word' id='word_1_228' title='bbox 855 3640 899 3685; x_wconf 85' lang='lat' dir='ltr'><strong>ex</strong></span> <span class='ocrx_word' id='word_1_229' title='bbox 914 3620 1159 3687; x_wconf 75' lang='lat' dir='ltr'><strong>lacedaemone</strong></span> <span class='ocrx_word' id='word_1_230' title='bbox 1172 3640 1223 3686; x_wconf 86' lang='lat' dir='ltr'><strong>co-</strong></span> 
     </span>
     <span class='ocr_line' id='line_1_27' title="bbox 120 3720 1223 3804; baseline -0.001 -17"><span class='ocrx_word' id='word_1_231' title='bbox 120 3723 211 3787; x_wconf 90' lang='lat' dir='ltr'><strong>lonia</strong></span> <span class='ocrx_word' id='word_1_232' title='bbox 224 3720 417 3798; x_wconf 87' lang='lat' dir='ltr'><strong>Herculem,</strong></span> <span class='ocrx_word' id='word_1_233' title='bbox 429 3726 544 3804; x_wconf 85' lang='lat' dir='ltr'><strong>utpote</strong></span> <span class='ocrx_word' id='word_1_234' title='bbox 561 3720 813 3785; x_wconf 86' lang='lat' dir='ltr'><strong>Heraclidamm</strong></span> <span class='ocrx_word' id='word_1_235' title='bbox 833 3741 966 3786; x_wconf 83' lang='lat' dir='ltr'><strong>suorum</strong></span> <span class='ocrx_word' id='word_1_236' title='bbox 984 3728 1163 3801; x_wconf 84' lang='lat' dir='ltr'><strong>auctorem,</strong></span> <span class='ocrx_word' id='word_1_237' title='bbox 1177 3723 1223 3786; x_wconf 90' lang='lat' dir='ltr'><strong>in·</strong></span> 
     </span>
     <span class='ocr_line' id='line_1_28' title="bbox 121 3822 1224 3906; baseline 0.002 -20"><span class='ocrx_word' id='word_1_238' title='bbox 121 3822 239 3906; x_wconf 87' lang='lat' dir='ltr'><strong>primis</strong></span> <span class='ocrx_word' id='word_1_239' title='bbox 253 3822 406 3905; x_wconf 78' lang='lat' dir='ltr'><strong>religiose</strong></span> <span class='ocrx_word' id='word_1_240' title='bbox 421 3822 529 3887; x_wconf 90' lang='lat' dir='ltr'><strong>colere</strong></span> <span class='ocrx_word' id='word_1_241' title='bbox 552 3822 683 3903; x_wconf 81' lang='lat' dir='ltr'><strong>debuit3</strong></span> <span class='ocrx_word' id='word_1_242' title='bbox 705 3828 739 3886; x_wconf 89' lang='lat' dir='ltr'><strong>et</strong></span> <span class='ocrx_word' id='word_1_243' title='bbox 750 3822 953 3906; x_wconf 86' lang='lat' dir='ltr'><strong>reperiuntur</strong></span> <span class='ocrx_word' id='word_1_244' title='bbox 969 3825 1063 3887; x_wconf 90' lang='lat' dir='ltr'><strong>numi</strong></span> <span class='ocrx_word' id='word_1_245' title='bbox 1079 3823 1224 3888; x_wconf 85' lang='lat' dir='ltr'><strong>Tarenti·</strong></span> 
     </span>
     <span class='ocr_line' id='line_1_29' title="bbox 122 3921 1223 4007; baseline 0.005 -22"><span class='ocrx_word' id='word_1_246' title='bbox 122 3941 237 3985; x_wconf 88' lang='lat' dir='ltr'><strong>norum</strong></span> <span class='ocrx_word' id='word_1_247' title='bbox 252 3941 326 3985; x_wconf 87' lang='lat' dir='ltr'><strong>cum</strong></span> <span class='ocrx_word' id='word_1_248' title='bbox 343 3921 500 3987; x_wconf 86' lang='lat' dir='ltr'><strong>Herculis</strong></span> <span class='ocrx_word' id='word_1_249' title='bbox 520 3923 643 4006; x_wconf 89' lang='lat' dir='ltr'><strong>capite,</strong></span> <span class='ocrx_word' id='word_1_250' title='bbox 659 3929 783 3987; x_wconf 91' lang='lat' dir='ltr'><strong>etcum</strong></span> <span class='ocrx_word' id='word_1_251' title='bbox 805 3922 952 3986; x_wconf 88' lang='lat' dir='ltr'><strong>Hercule</strong></span> <span class='ocrx_word' id='word_1_252' title='bbox 977 3923 1147 4007; x_wconf 78' lang='lat' dir='ltr'><strong>clavigero</strong></span> <span class='ocrx_word' id='word_1_253' title='bbox 1160 3924 1223 3990; x_wconf 85' lang='lat' dir='ltr'><strong>leo·</strong></span> 
     </span>
     <span class='ocr_line' id='line_1_30' title="bbox 121 4022 1223 4105; baseline 0 -18"><span class='ocrx_word' id='word_1_254' title='bbox 121 4043 198 4087; x_wconf 90' lang='lat' dir='ltr'><strong>nem</strong></span> <span class='ocrx_word' id='word_1_255' title='bbox 208 4023 389 4089; x_wconf 83' lang='lat' dir='ltr'><strong>suffocante</strong></span> <span class='ocrx_word' id='word_1_256' title='bbox 401 4043 410 4105; x_wconf 92' lang='lat'>;</span> <span class='ocrx_word' id='word_1_257' title='bbox 426 4029 473 4105; x_wconf 86' lang='lat' dir='ltr'><strong>(v.</strong></span> <span class='ocrx_word' id='word_1_258' title='bbox 487 4044 571 4089; x_wconf 89' lang='lat' dir='ltr'><strong>nunc</strong></span> <span class='ocrx_word' id='word_1_259' title='bbox 583 4023 717 4090; x_wconf 85' lang='lat' dir='ltr'><strong>Eckbel.</strong></span> <span class='ocrx_word' id='word_1_260' title='bbox 728 4025 890 4090; x_wconf 88' lang='lat' dir='ltr'><strong>Doctrina</strong></span> <span class='ocrx_word' id='word_1_261' title='bbox 899 4022 1040 4090; x_wconf 88' lang='lat' dir='ltr'><strong>Numer.</strong></span> <span class='ocrx_word' id='word_1_262' title='bbox 1051 4031 1122 4093; x_wconf 86' lang='lat' dir='ltr'><strong>ret.</strong></span> <span class='ocrx_word' id='word_1_263' title='bbox 1131 4024 1223 4091; x_wconf 85' lang='lat' dir='ltr'><strong>Tem.</strong></span> 
     </span>
    </p>

    <p class='ocr_par' dir='ltr' id='par_1_5' title="bbox 66 4123 1227 4514">
     <span class='ocr_line' id='line_1_31' title="bbox 124 4123 1224 4213; baseline 0.003 -25"><span class='ocrx_word' id='word_1_264' title='bbox 124 4142 147 4189; x_wconf 86' lang='lat'><strong>1.</strong></span> <span class='ocrx_word' id='word_1_265' title='bbox 160 4125 201 4189; x_wconf 91' lang='grc' dir='ltr'><strong>Ρ.</strong></span> <span class='ocrx_word' id='word_1_266' title='bbox 214 4143 237 4190; x_wconf 92' lang='grc' dir='ltr'><strong>ι.</strong></span> <span class='ocrx_word' id='word_1_267' title='bbox 249 4148 282 4210; x_wconf 88' lang='lat' dir='ltr'><strong>p.</strong></span> <span class='ocrx_word' id='word_1_268' title='bbox 297 4127 387 4204; x_wconf 86' lang='grc'>147.)</span> <span class='ocrx_word' id='word_1_269' title='bbox 407 4131 517 4190; x_wconf 84' lang='lat' dir='ltr'><strong>tamen</strong></span> <span class='ocrx_word' id='word_1_270' title='bbox 537 4125 579 4189; x_wconf 90' lang='lat' dir='ltr'><strong>de</strong></span> <span class='ocrx_word' id='word_1_271' title='bbox 588 4143 630 4189; x_wconf 90' lang='lat' dir='ltr'><strong>eo</strong></span> <span class='ocrx_word' id='word_1_272' title='bbox 644 4123 748 4207; x_wconf 70' lang='lat' dir='ltr'><strong>polita</strong></span> <span class='ocrx_word' id='word_1_273' title='bbox 762 4125 907 4207; x_wconf 84' lang='lat' dir='ltr'><strong>cogitare</strong></span> <span class='ocrx_word' id='word_1_274' title='bbox 927 4143 995 4188; x_wconf 89' lang='lat' dir='ltr'><strong>non</strong></span> <span class='ocrx_word' id='word_1_275' title='bbox 1009 4128 1134 4208; x_wconf 89' lang='lat' dir='ltr'><strong>potuit,</strong></span> <span class='ocrx_word' id='word_1_276' title='bbox 1149 4144 1224 4213; x_wconf 89' lang='lat' dir='ltr'><strong>quo-</strong></span> 
     </span>
     <span class='ocr_line' id='line_1_32' title="bbox 121 4223 1226 4313; baseline 0.002 -24"><span class='ocrx_word' id='word_1_277' title='bbox 121 4229 211 4291; x_wconf 87' lang='lat' dir='ltr'><strong>niam</strong></span> <span class='ocrx_word' id='word_1_278' title='bbox 226 4227 337 4292; x_wconf 87' lang='lat' dir='ltr'><strong>addit:</strong></span> <span class='ocrx_word' id='word_1_279' title='bbox 361 4231 371 4260; x_wconf 91' lang='lat'>‘</span> <span class='ocrx_word' id='word_1_280' title='bbox 383 4228 413 4290; x_wconf 90' lang='lat' dir='ltr'><strong>si</strong></span> <span class='ocrx_word' id='word_1_281' title='bbox 427 4245 507 4290; x_wconf 87' lang='lat' dir='ltr'><strong>vera</strong></span> <span class='ocrx_word' id='word_1_282' title='bbox 519 4232 570 4290; x_wconf 85' lang='lat' dir='ltr'><strong>est</strong></span> <span class='ocrx_word' id='word_1_283' title='bbox 582 4223 691 4289; x_wconf 68' lang='lat' dir='ltr'><strong>sama?</strong></span> <span class='ocrx_word' id='word_1_284' title='bbox 735 4224 789 4289; x_wconf 90' lang='lat' dir='ltr'><strong>De</strong></span> <span class='ocrx_word' id='word_1_285' title='bbox 798 4224 916 4289; x_wconf 79' lang='lat' dir='ltr'><strong>fabula</strong></span> <span class='ocrx_word' id='word_1_286' title='bbox 926 4230 1038 4290; x_wconf 84' lang='lat' dir='ltr'><strong>vetere</strong></span> <span class='ocrx_word' id='word_1_287' title='bbox 1049 4229 1106 4307; x_wconf 71' lang='lat' dir='ltr'><strong>agi</strong></span> <span class='ocrx_word' id='word_1_288' title='bbox 1117 4229 1226 4313; x_wconf 84' lang='lat' dir='ltr'><strong>itaque</strong></span> 
     </span>
     <span class='ocr_line' id='line_1_33' title="bbox 66 4325 1226 4412; baseline 0.004 -20"><span class='ocrx_word' id='word_1_289' title='bbox 66 4328 73 4345; x_wconf 66' lang='lat'>⁸</span> <span class='ocrx_word' id='word_1_290' title='bbox 122 4349 257 4394; x_wconf 86' lang='lat' dir='ltr'><strong>necesse</strong></span> <span class='ocrx_word' id='word_1_291' title='bbox 271 4334 332 4393; x_wconf 89' lang='lat' dir='ltr'><strong>est.</strong></span> <span class='ocrx_word' id='word_1_292' title='bbox 376 4327 565 4412; x_wconf 86' lang='lat' dir='ltr'><strong>Erythraeus</strong></span> <span class='ocrx_word' id='word_1_293' title='bbox 587 4328 621 4391; x_wconf 88' lang='lat' dir='ltr'><strong>in</strong></span> <span class='ocrx_word' id='word_1_294' title='bbox 644 4325 761 4391; x_wconf 90' lang='lat' dir='ltr'><strong>Indice</strong></span> <span class='ocrx_word' id='word_1_295' title='bbox 776 4325 883 4408; x_wconf 73' lang='lat' dir='ltr'><strong>Virg,</strong></span> <span class='ocrx_word' id='word_1_296' title='bbox 903 4325 1053 4392; x_wconf 80' lang='lat' dir='ltr'><strong>Juniusl</strong></span> <span class='ocrx_word' id='word_1_297' title='bbox 1070 4326 1226 4397; x_wconf 83' lang='lat' dir='ltr'><strong>Animad-</strong></span> 
     </span>
     <span class='ocr_line' id='line_1_34' title="bbox 122 4423 1227 4514; baseline -0.001 -20"><span class='ocrx_word' id='word_1_298' title='bbox 122 4450 227 4495; x_wconf 88' lang='lat' dir='ltr'><strong>verss.</strong></span> <span class='ocrx_word' id='word_1_299' title='bbox 239 4431 275 4508; x_wconf 83' lang='grc'><strong>9,</strong></span> <span class='ocrx_word' id='word_1_300' title='bbox 288 4434 334 4508; x_wconf 89' lang='lat' dir='ltr'><strong>et,</strong></span> <span class='ocrx_word' id='word_1_301' title='bbox 350 4429 408 4514; x_wconf 91' lang='lat' dir='ltr'><strong>qui</strong></span> <span class='ocrx_word' id='word_1_302' title='bbox 419 4429 463 4492; x_wconf 90' lang='lat' dir='ltr'><strong>iis</strong></span> <span class='ocrx_word' id='word_1_303' title='bbox 471 4428 615 4512; x_wconf 84' lang='lat' dir='ltr'><strong>praeivit,</strong></span> <span class='ocrx_word' id='word_1_304' title='bbox 625 4423 819 4491; x_wconf 81' lang='lat' dir='ltr'><strong>Parrhasius</strong></span> <span class='ocrx_word' id='word_1_305' title='bbox 832 4426 867 4491; x_wconf 93' lang='lat' dir='ltr'><strong>in</strong></span> <span class='ocrx_word' id='word_1_306' title='bbox 877 4426 976 4492; x_wconf 87' lang='lat' dir='ltr'><strong>docto</strong></span> <span class='ocrx_word' id='word_1_307' title='bbox 986 4424 1174 4495; x_wconf 75' lang='lat' dir='ltr'><strong>comment.</strong></span> <span class='ocrx_word' id='word_1_308' title='bbox 1186 4427 1227 4493; x_wconf 89' lang='lat' dir='ltr'><strong>ad</strong></span> 
     </span>
    </p>
   </div>
   <div class='ocr_carea' id='block_1_5' title="bbox 115 4525 1226 4608">
    <p class='ocr_par' dir='ltr' id='par_1_6' title="bbox 115 4525 1226 4608">
     <span class='ocr_line' id='line_1_35' title="bbox 115 4525 1226 4608; baseline 0.006 -12"><span class='ocrx_word' id='word_1_309' title='bbox 115 4530 299 4598; x_wconf 69' lang='lat' dir='ltr'><strong>claudian.</strong></span> <span class='ocrx_word' id='word_1_310' title='bbox 314 4549 360 4598; x_wconf 85' lang='lat' dir='ltr'><strong>cx</strong></span> <span class='ocrx_word' id='word_1_311' title='bbox 381 4527 561 4596; x_wconf 82' lang='lat' dir='ltr'><strong>Aristotele</strong></span> <span class='ocrx_word' id='word_1_312' title='bbox 573 4526 615 4594; x_wconf 91' lang='lat' dir='ltr'><strong>de</strong></span> <span class='ocrx_word' id='word_1_313' title='bbox 636 4526 753 4594; x_wconf 87' lang='lat' dir='ltr'><strong>mirab.</strong></span> <span class='ocrx_word' id='word_1_314' title='bbox 768 4525 921 4596; x_wconf 82' lang='lat' dir='ltr'><strong>Auscult.</strong></span> <span class='ocrx_word' id='word_1_315' title='bbox 936 4527 1052 4596; x_wconf 90' lang='lat' dir='ltr'><strong>locum</strong></span> <span class='ocrx_word' id='word_1_316' title='bbox 1080 4531 1226 4608; x_wconf 77' lang='lat' dir='ltr'><strong>afferunt,</strong></span> 
     </span>
    </p>
   </div>
   <div class='ocr_carea' id='block_1_6' title="bbox 0 0 1356 4974">
    <p class='ocr_par' dir='ltr' id='par_1_7' title="bbox 0 0 1356 4974">
     <span class='ocr_line' id='line_1_36' title="bbox 0 0 1356 4974; baseline 0 0"><span class='ocrx_word' id='word_1_317' title='bbox 0 0 1356 4974; x_wconf 95' lang='lat' dir='ltr'><strong> </strong></span> 
     </span>
    </p>
   </div>
  </div>
 </body>
</html>
