2664 4686
108 280 199 346 m
534 296 735 346 neamus
754 296 795 346 r.

109 443 342 516 cuninam,
365 440 432 502 boe
453 438 1189 527 suntidninreleretratfflntdnllmup
1234 451 1242 493 Ι

108 544 156 608 ὥ
168 539 234 623 .t.).
266 539 448 602 Camesene
461 559 582 603 nomen
595 541 660 604 suit
672 542 942 623 andqnissimnm
951 544 1191 622 montisaelori
1235 533 1242 595 l

110 644 165 706 mi
178 640 368 704 Janiculum
388 642 549 722 oppidum
564 643 753 724 impositum
767 650 848 706 erat.
892 642 1057 725 Hyginus
1066 643 1194 709 illudne·
1238 650 1242 694 Ι

109 761 218 806 mena
233 741 374 806 Camese
396 741 548 817 durant,
566 741 818 823 quicumJano
831 762 892 805 eas
912 749 1020 805 terras
1041 744 1195 809 unnim
1240 774 1242 794 =

109 844 169 907 sed
192 853 380 908 narraverat
393 846 456 907 boc
470 863 515 906 ex
529 842 653 907 Graeco
667 844 808 920 homine,
823 843 1013 908 Protarcho
1028 841 1196 909 'l'rallim

110 945 199 1026 apud
226 944 379 1009 llaerob.
403 946 476 1008 Sat.
504 962 530 1020 1,
554 946 596 1021 7;
623 951 660 1007 at
681 945 727 1008 ct'.
741 944 863 1009 Athen.
885 962 953 1021 xv,
975 934 1198 1028 lapara

110 1043 246 1108 Venilia
267 1054 378 1109 autem
400 1049 486 1110 inter
499 1046 591 1109 neus
604 1048 748 1109 marinas
768 1045 898 1109 ridetm
921 1047 1053 1126 fuisse3
1082 1046 1199 1111 matu

109 1144 169 1209 illa
192 1166 418 1229 qnoqueeum
444 1147 589 1210 Salacia
638 1147 706 1209 Sed
730 1145 1001 1210 Varronem„
1017 1148 1130 1222 1r,10
1147 1147 1199 1210 dir

103 1250 215 1332 jungit
228 1269 304 1313 eas:
327 1250 494 1325 ‘Salacia
516 1248 681 1330 Neptuni,
696 1268 718 1310 a
738 1248 826 1324 salo,
846 1247 986 1310 Venilia
1000 1267 1025 1310 a
1050 1245 1200 1312 veniant

109 1355 175 1413 etc.
219 1349 363 1414 Salaeiae
386 1370 520 1434 qnoque
543 1369 665 1412 nomen
689 1350 723 1410 in
737 1348 833 1411 Sexti
859 1347 1019 1429 Pompeii
1034 1347 1200 1429 numislqi

110 1450 284 1534 probabile
309 1452 358 1528 tit,
380 1453 560 1534 inquibus
584 1449 686 1514 SAL.
708 1451 844 1531 legitur:
874 1448 917 1511 de
940 1447 1082 1512 Salacia
1109 1449 1201 1530 itaqu

110 1550 209 1615 docte
219 1552 444 1634 disputantem
459 1551 590 1615 ridebis
604 1551 801 1615 Ecklrelinm
813 1553 848 1614 in
862 1550 1028 1614 Doctrina
1049 1554 1200 1615 numni.

110 1650 208 1715 Tom.
222 1669 273 1728 vr,
287 1675 321 1735 p.
336 1654 391 1716 27.
404 1653 460 1717 28.

153 1750 209 1814 Ex
222 1753 286 1815 hac
314 1756 413 1833 igitur
425 1753 559 1816 Venilia
579 1762 773 1837 susceptam
799 1753 888 1816 Jano
912 1752 1021 1816 filiam
1051 1750 1201 1816 Cruenta

110 1850 146 1913 in
167 1854 410 1916 matrimonium
431 1855 604 1935 accepisse
624 1866 772 1918 narratm
802 1855 920 1931 Picus,
940 1872 977 1917 v.
1005 1853 1112 1920 ovid.
1137 1853 1202 1917 ua

113 1965 197 2028 m,
210 1952 278 2015 333
291 1972 379 2045 sqq„
394 1956 452 2035 qui
466 1955 604 2036 copiose
617 1954 764 2018 anunm
778 1957 1082 2039 persequinrr‚qna
1094 1976 1117 2020 a
1126 1955 1204 2019 cire

23 2066 24 2070 ’
111 2054 146 2116 in
167 2054 339 2117 renatiooe
365 2064 574 2137 conspectus,
597 2075 675 2118 cnm
692 2058 767 2140 ejus
793 2076 938 2120 amorem
964 2055 1205 2139 sprevissetin

111 2155 226 2237 picum
240 2156 506 2219 mutatust'ertm.
551 2155 699 2219 Eandem
710 2156 857 2220 fabulam
866 2157 977 2238 attigit
984 2155 1151 2239 Virgilius
1159 2155 1205 2219 ut.

115 2272 180 2333 vn,
206 2256 272 2319 189
284 2277 338 2338 sq.
361 2256 628 2337 ‘Picus—quem
652 2264 752 2337 capta
773 2256 929 2338 cupidine
955 2257 1088 2339 conjux
1109 2257 1206 2321 Ana

111 2375 305 2438 percussum
319 2359 415 2438 virga
431 2377 628 2440 versumque
641 2359 773 2420 venenis
791 2358 888 2422 Fecit
899 2376 999 2422 avem
1013 2356 1116 2422 Circe
1128 2375 1206 2442 sper·

110 2458 220 2540 sitque
245 2460 414 2522 coloribus
439 2459 539 2522 alas.'
581 2459 684 2523 Picus
707 2459 761 2523 vel
787 2461 962 2543 picumnns
983 2459 1113 2541 priscis
1126 2457 1209 2523 talis

110 2559 197 2622 inter
210 2578 325 2622 sacras
340 2560 403 2622 suit
428 2580 509 2622 ares
529 2562 745 2644 inprimisque
766 2561 915 2642 auguriis
939 2561 1120 2642 probatus,
1132 2559 1207 2624 idem

113 2657 216 2721 Marti
232 2678 348 2721 sacer:
370 2680 404 2722 r.
420 2659 513 2723 Serv.
526 2662 570 2723 ad
585 2663 641 2724 lib.
660 2679 726 2739 ru,
741 2663 816 2726 190.
860 2661 939 2724 Nisi
952 2661 1067 2743 itaque
1079 2658 1209 2724 nonius

111 2760 336 2840 interpretatio
350 2759 497 2822 tabulam
511 2761 610 2823 istam
623 2770 762 2827 mutatas
774 2762 889 2826 formae
908 2761 1052 2843 peperit,
1070 2758 1209 2824 nataillu

110 2875 186 2920 esse
216 2859 325 2940 potnit
349 2878 393 2923 ex
418 2861 553 2943 antiquo
572 2861 667 2942 signo
686 2864 821 2945 juvenis
845 2864 1014 2944 cumpieo
1037 2863 1075 2924 in
1096 2861 1208 2944 capite.

2 3022 6 3031 ,
111 2956 195 3021 Tale
208 2959 338 3041 signnm
361 2967 522 3024 memorat
544 2959 689 3024 Ovidius
703 2963 737 3024 in
753 2963 866 3026 Circes
887 2962 1019 3026 aedibns
1035 2961 1119 3026 Met.
1136 2975 1207 3033 xlv,

111 3059 178 3124 ala
196 3079 260 3143 sq„
275 3067 312 3124 nt
325 3061 506 3144 augurandi
521 3063 640 3144 peritia
663 3061 698 3124 in
713 3060 798 3125 Pico
812 3081 974 3145 expressa
985 3062 1092 3128 inim
1103 3061 1208 3128 rider-

113 3167 174 3225 tur.
219 3161 300 3239 Quo
313 3165 388 3246 ipso
410 3164 593 3229 declaratur
610 3162 658 3241 id,
681 3163 771 3246 quod
792 3164 882 3246 apud
901 3162 1081 3245 Virgilimn
1098 3163 1207 3229 neren

112 3280 212 3325 mauu
233 3268 321 3326 tenet
344 3265 416 3346 ejus
440 3265 569 3344 signnm
594 3266 628 3328 in
654 3263 764 3329 Latini
790 3265 881 3347 regia
903 3266 1073 3347 positum:
1093 3285 1130 3331 v.
1153 3263 1208 3329 187

114 3360 216 3443 ‘lpse
252 3361 417 3439 Quirinali
453 3364 862 3428 lituo-sedebat-—Picus
895 3382 1017 3446 equum
1057 3359 1211 3428 domim!

113 3459 250 3524 Servius
264 3482 398 3544 quoque
412 3464 455 3526 ad
473 3483 503 3527 e.
517 3464 540 3526 l.
557 3484 600 3527 ex
612 3463 862 3528 Pontificalibus
872 3463 967 3526 libris
980 3464 1126 3545 probare
1139 3462 1212 3537 rut

114 3558 235 3624 Picum
260 3563 400 3646 augurio
423 3564 549 3628 clarum
570 3565 686 3628 fuisse.
738 3564 841 3648 Apud
865 3563 980 3628 Valcr.
1003 3563 1058 3628 Fl.
1074 3563 1217 3642 vrum

114 3660 222 3740 Circe,
237 3666 300 3728 etsi
320 3666 484 3745 simulate,
498 3666 668 3749 profitetm
684 3687 720 3731 se
735 3667 810 3731 Pici
823 3667 1032 3731 matrimonio
1044 3667 1172 3732 haberi

157 3762 235 3828 Pici
261 3764 365 3830 lilium
386 3767 533 3850 prodidit
562 3774 703 3832 Faunum
729 3767 911 3851 Virgilius:
945 3766 1088 3834 ‘Fauno
1115 3767 1215 3832 Piens

115 3864 239 3949 pater3'
277 3868 385 3933 etlib.
402 3886 474 3947 xu,
499 3871 577 3936 766,
590 3870 656 3936 769
680 3877 729 3934 est
754 3871 889 3935 Faunus
915 3860 1086 3935 ‘laniem
1105 3867 1216 3936 neus!

116 3966 236 4034 Martis
252 3968 359 4034 lilium
372 3970 544 4037 ediderant
556 3973 633 4038 alii:
654 3972 799 4057 Dionys.
810 3991 835 4052 1,
851 3973 905 4039 31.
936 3973 1089 4056 Appian.
1102 3972 1214 4053 fragm.

116 4069 175 4134 lib.
192 4088 218 4137 r.
263 4071 348 4138 Cum
366 4074 404 4141 in
417 4074 491 4158 ejus
515 4078 645 4141 aetatm
665 4072 813 4140 Evandri
827 4082 861 4141 et
883 4073 1215 4142 Herculisaceessus
