2664 4686
109 276 201 345 4318
515 286 718 343 excursus
735 286 821 339 vrri.

111 436 235 515 litum,
258 433 385 517 Capu'ae
409 409 622 501 imminebant
645 432 723 501 nv.
747 448 817 511 vu,
838 429 897 508 29,
924 428 1039 499 Silius
1062 432 1202 511 nulli.

114 537 302 603 ‘Oscomm
315 535 457 603 manus!
500 534 612 619 Opici,
627 533 745 620 Opsci,
766 538 802 599 et
822 528 923 611 Osci,
938 533 1200 601 venosus-

113 656 203 720 gcus,
218 657 294 719 que
308 636 592 719 tamentauporis
605 632 883 713 sncooesumtfit,
897 652 921 699 a
935 636 1201 721 communiuip

110 740 157 805 ita
179 736 368 804 abalienata
387 739 461 815 tuit,
486 743 523 802 ut
547 755 608 821 pro
628 735 771 803 diversis
789 735 929 819 populis
953 736 1081 803 haireni
1100 744 1202 822 poi

112 837 268 904 Ausones
280 846 314 904 et
327 839 422 917 Osci,
437 838 523 904 cont.
545 838 667 905 Strabo
685 857 721 916 r,
733 856 810 922 pag.
833 836 902 903 242
915 854 954 917 c,
969 838 1156 923 antiquitas
1169 840 1203 905 d

112 941 574 1009 eiulmlririmhehimmnt.
618 939 687 1005 Sed
709 938 745 1003 in
768 936 869 1005 latio
889 939 1203 1005 mahrrenoramdo

111 1042 202 1119 tecit,
216 1044 322 1107 serius
334 1042 515 1126 pannum
528 1041 564 1104 iu
578 1038 776 1123 Campania.
820 1036 928 1105 Primi
945 1038 986 1103 iu
1002 1046 1122 1105 comm
1137 1038 1204 1107 tus

111 1143 249 1209 advenoe
276 1141 401 1207 Cumas
429 1140 606 1206 condidere
633 1136 869 1207 Chalcidenses
891 1158 939 1207 ex
971 1138 1126 1217 Euhoea,
1147 1156 1203 1205 nra

112 1242 325 1311 Etruscorum
341 1246 428 1309 uires
442 1243 477 1307 in
491 1243 535 1307 iis
548 1243 634 1307 locis
647 1241 849 1321 increbuere,
863 1238 1007 1305 tandem
1026 1261 1052 1306 a
1074 1240 1203 1307 Sed

112 1344 176 1410 hus
198 1350 232 1409 et
254 1343 417 1409 Romanis
442 1342 588 1425 vestigio
613 1360 746 1424 quoquo
769 1342 877 1423 genh's
896 1342 1024 1409 excisa
1044 1348 1133 1421 murt,
1149 1358 1203 1426 qur

113 1452 306 1531 supereraut
319 1446 465 1511 maxime
480 1445 570 1510 circa
581 1442 723 1509 Atellae.

156 1546 341 1613 783-743.
365 1544 488 1611 Iterum
502 1546 578 1611 aliae
598 1545 639 1609 de
662 1543 786 1610 Graeca
806 1542 1006 1609 Italicarum
1021 1546 1204 1611 urhiumori·

112 1649 187 1729 gine
200 1648 334 1712 sabulae.
374 1643 510 1710 Teleboae
522 1646 690 1729 Taphum,
704 1664 807 1709 uuam
820 1663 865 1709 ex
874 1642 1205 1726 schinsenacho

113 1747 254 1823 luerunt,
278 1750 313 1813 iu
326 1768 429 1831 quam
450 1767 494 1811 ex
509 1749 667 1831 opposita
683 1746 876 1813 Acarnania
898 1747 1119 1814 hausicrant.
1155 1746 1205 1812 lle·

111 1846 193 1911 licta
205 1847 336 1930 Tapho,
347 1846 497 1941 Capreas
511 1847 665 1923 insulam,
680 1846 874 1912 Surrentino
886 1850 1120 1929 promontorio
1129 1846 1206 1913 Cam

111 1949 224 2033 penite
247 1948 423 2032 objectam,
452 1966 511 2011 eos
539 1945 675 2024 adiisse,
703 1950 767 2013 hoc
788 1966 833 2011 ex
855 1948 934 2013 loco
955 1955 1104 2016 constat.
1145 1950 1207 2015 llex

112 2069 227 2115 corum
239 2048 349 2113 Telon
362 2067 407 2113 ex
421 2046 600 2112 Sebethide
623 2050 783 2131 nympha,
807 2047 944 2113 Sebethi
955 2050 1055 2115 fluvii
1067 2052 1113 2117 ad
1133 2051 1208 2117 Nea·

114 2152 219 2235 polim
243 2150 325 2229 filia,
351 2149 501 2232 suscepit
514 2146 688 2226 OEbalum,
704 2150 763 2232 qui
785 2150 821 2215 iu
842 2149 1033 2216 continente
1046 2150 1208 2231 Italiam

114 2252 256 2318 aduerso
270 2252 438 2337 opposito,
461 2269 648 2334 occupasse
660 2255 808 2315 narratur
821 2251 900 2316 loca
912 2252 1007 2317 circa
1021 2254 1171 2333 Samum,
1183 2254 1208 2319 iu

116 2352 270 2435 Hirpinis
298 2361 333 2417 et
359 2354 395 2415 iu
422 2358 570 2416 extrema
598 2350 797 2434 Campania.
842 2350 1010 2419 Fabulam
1037 2374 1084 2421 ex
1104 2355 1209 2421 noeas

114 2454 276 2535 petierunt
290 2452 393 2517 Silius
407 2458 442 2517 et
454 2453 601 2531 Statius3
624 2453 699 2534 quis
709 2450 852 2533 Virgilio
867 2454 1053 2535 praeiverit,
1065 2476 1132 2521 non
1143 2474 1210 2521 coo·

113 2562 193 2619 stat.
239 2552 449 2628 Sarmaticus,
465 2553 564 2616 Sarni
578 2553 612 2616 fl.
633 2552 772 2628 accolis,
788 2551 945 2619 Graeoam
966 2556 1052 2621 olim
1066 2558 1211 2641 originem

113 2655 269 2719 tributam
297 2673 318 2716 a
345 2654 508 2716 nonnullis
532 2653 650 2730 fuisse,
676 2674 719 2719 ex
749 2654 865 2718 Servio
887 2660 1036 2723 eoustctt
1074 2656 1211 2724 ‘Conon’

113 2752 260 2828 (videtur
273 2752 499 2816 fabulosarum
513 2754 734 2819 narrationum
745 2760 862 2820 auctor
871 2754 989 2835 fluisse)
1003 2758 1065 2823 ‘iu
1073 2780 1116 2825 co
1127 2760 1210 2835 libro,

113 2872 213 2937 quem
240 2853 282 2917 de
311 2852 413 2918 Italia
440 2853 586 2936 scripsit,
616 2854 782 2936 quosdam
810 2856 974 2939 Pelcsgos
1002 2859 1152 2945 aliosque
1174 2878 1210 2923 ex

114 2953 345 3039 Peloponneso
360 2973 539 3031 convenas,
565 2954 609 3019 ed
634 2974 709 3019 cum
724 2956 834 3019 locum
848 2954 960 3023 Italiae
973 2959 1110 3025 venisse
1130 2961 1209 3035 dicit,

114 3057 171 3123 cui
184 3057 308 3123 nullum
330 3063 427 3123 autea
449 3075 569 3120 nomeu
583 3055 693 3135 fucrit3
716 3062 750 3121 et
763 3056 900 3134 flumini,
916 3077 1019 3142 quem
1036 3050 1210 3126 incolmenl’

61 3208 67 3215 .
112 3158 152 3240 (Ι.
166 3157 256 3240 quod
271 3155 484 3239 accelerent),
508 3156 638 3220 ‘Sarno
660 3176 778 3223 nomeu
799 3149 1002 3240 imposuisse
1014 3180 1061 3227 ex
1076 3164 1209 3251 appella·

112 3262 201 3324 tione
219 3260 319 3340 patrii
333 3259 485 3323 fluminis'
499 3260 555 3337 (de
572 3278 639 3343 quo
654 3262 768 3325 nescio
783 3280 826 3324 un
841 3261 974 3327 aliunde
994 3262 1143 3351 constet)
1162 3270 1209 3337 ‘ct

112 3379 151 3423 se
165 3360 356 3424 Sarrhustes
372 3360 576 3442 appellasse.
619 3361 668 3425 Hi
681 3363 763 3426 inter
776 3362 881 3426 multa
896 3363 1028 3447 oppida
1042 3365 1206 3433 Nuceriam

112 3458 349 3525 condiderunt?
393 3460 530 3525 Scilicet
554 3459 691 3526 Samum
712 3464 792 3528 olim
815 3460 947 3527 Sarrum
972 3471 1207 3549 pronuntiatum

112 3579 189 3623 cssc
203 3580 337 3625 neccsse
351 3567 412 3626 est.
459 3560 579 3646 Neque
594 3564 685 3629 alind
700 3566 879 3649 quicquam
895 3585 997 3648 super
1010 3566 1206 3635 Sanastiou

110 3668 145 3726 ct
169 3680 281 3725 eorum
305 3664 431 3745 origine
455 3663 549 3730 effert
572 3664 733 3730 Camillus
761 3666 970 3750 Peregrinius
993 3668 1039 3733 de
1059 3668 1206 3757 Campan·

111 3762 207 3828 selice
228 3763 319 3829 Dies.
338 3783 379 3842 11,
393 3786 426 3830 n.
450 3767 503 3831 24.
548 3765 616 3845 Qui
639 3769 766 3832 somnia
788 3769 933 3852 requirit,
953 3769 1058 3837 adeat
1079 3768 1206 3841 mosei

111 3866 265 3931 abitatori
279 3867 312 3930 di
327 3867 362 3931 N
364 3869 454 3952 apoli
476 3890 509 3951 p.
525 3869 591 3934 263
604 3888 689 3952 sqq,
705 3869 764 3953 qui
778 3870 862 3935 liber
873 3869 1020 3954 Neapoli
1034 3874 1100 3937 sub
1115 3874 1207 3940 oues

113 3965 257 4033 Michelc
285 3967 414 4049 Vargas
440 3969 639 4035 Macciucca
660 3972 791 4035 nomine
818 3972 970 4056 vulgatus
996 3982 1063 4039 est.
1107 3971 1207 4059 Rrffrae

112 4068 164 4129 vol
181 4066 333 4155 Rrejiiurrr
356 4070 390 4133 in
413 4070 630 4154 Hirpinorum
642 4070 774 4151 finibus,
792 4075 827 4138 in
842 4073 1041 4141 Samnitium
1055 4084 1207 4161 peteme
