<?xml version="1.0" encoding="UTF-8"?>
<!DOCTYPE html PUBLIC "-//W3C//DTD XHTML 1.0 Transitional//EN"
    "http://www.w3.org/TR/xhtml1/DTD/xhtml1-transitional.dtd">
<html xmlns="http://www.w3.org/1999/xhtml" xml:lang="en" lang="en">
 <head>
  <title>
</title>
<meta http-equiv="Content-Type" content="text/html;charset=utf-8" />
  <meta name='ocr-system' content='tesseract 3.04.00' />
  <meta name='ocr-capabilities' content='ocr_page ocr_carea ocr_par ocr_line ocrx_word'/>
</head>
<body>
  <div class='ocr_page' id='page_1' title='image "./pvirgiliimaroni00virggoog/pvirgiliimaroni00virggoog_0153.png"; bbox 0 0 2664 4686; ppageno 0'>
   <div class='ocr_carea' id='block_1_1' title="bbox 182 284 861 374">
    <p class='ocr_par' dir='ltr' id='par_1_1' title="bbox 182 284 861 374">
     <span class='ocr_line' id='line_1_1' title="bbox 182 284 861 374; baseline 0.016 -38"><span class='ocrx_word' id='word_1_1' title='bbox 182 284 272 352; x_wconf 72' lang='lat'>⁴⁰98</span> <span class='ocrx_word' id='word_1_2' title='bbox 531 364 536 374; x_wconf 26' lang='lat'>,</span> <span class='ocrx_word' id='word_1_3' title='bbox 605 294 803 346; x_wconf 85' lang='lat' dir='ltr'>rxcunsus</span> <span class='ocrx_word' id='word_1_4' title='bbox 825 296 861 346; x_wconf 69' lang='lat' dir='ltr'>vs</span> 
     </span>
    </p>
   </div>
   <div class='ocr_carea' id='block_1_2' title="bbox 170 437 1313 2148">
    <p class='ocr_par' dir='ltr' id='par_1_2' title="bbox 170 437 1313 2148">
     <span class='ocr_line' id='line_1_2' title="bbox 184 437 1281 529; baseline 0.004 -22"><span class='ocrx_word' id='word_1_5' title='bbox 184 446 316 529; x_wconf 84' lang='lat' dir='ltr'>Equum</span> <span class='ocrx_word' id='word_1_6' title='bbox 338 441 519 526; x_wconf 78' lang='lat' dir='ltr'>Trojamm</span> <span class='ocrx_word' id='word_1_7' title='bbox 545 441 594 514; x_wconf 72' lang='lat' dir='ltr'>‘eu</span> <span class='ocrx_word' id='word_1_8' title='bbox 601 446 692 506; x_wconf 78' lang='lat' dir='ltr'>anter</span> <span class='ocrx_word' id='word_1_9' title='bbox 716 437 839 513; x_wconf 63' lang='lat' dir='ltr'>ditum</span> <span class='ocrx_word' id='word_1_10' title='bbox 859 441 987 508; x_wconf 84' lang='lat' dir='ltr'>dictum</span> <span class='ocrx_word' id='word_1_11' title='bbox 999 438 1181 510; x_wconf 73' lang='lat' dir='ltr'>memorat.</span> <span class='ocrx_word' id='word_1_12' title='bbox 1234 443 1281 511; x_wconf 80' lang='lat' dir='ltr'>An</span> 
     </span>
     <span class='ocr_line' id='line_1_3' title="bbox 183 542 1282 632; baseline -0.001 -18"><span class='ocrx_word' id='word_1_13' title='bbox 183 567 228 614; x_wconf 80' lang='lat' dir='ltr'>ex</span> <span class='ocrx_word' id='word_1_14' title='bbox 242 547 301 610; x_wconf 85' lang='lat' dir='ltr'>illa</span> <span class='ocrx_word' id='word_1_15' title='bbox 314 543 506 627; x_wconf 80' lang='lat' dir='ltr'><strong>Sophoclis,</strong></span> <span class='ocrx_word' id='word_1_16' title='bbox 527 543 653 620; x_wconf 84' lang='lat' dir='ltr'>nescio,</span> <span class='ocrx_word' id='word_1_17' title='bbox 674 542 734 607; x_wconf 87' lang='lat' dir='ltr'>sed</span> <span class='ocrx_word' id='word_1_18' title='bbox 749 563 794 607; x_wconf 84' lang='lat' dir='ltr'>cx</span> <span class='ocrx_word' id='word_1_19' title='bbox 808 544 922 627; x_wconf 77' lang='lat' dir='ltr'>aliqua</span> <span class='ocrx_word' id='word_1_20' title='bbox 942 551 1035 610; x_wconf 80' lang='lat' dir='ltr'>certe</span> <span class='ocrx_word' id='word_1_21' title='bbox 1049 542 1172 612; x_wconf 74' lang='lat' dir='ltr'>Graed</span> <span class='ocrx_word' id='word_1_22' title='bbox 1185 546 1282 632; x_wconf 69' lang='lat' dir='ltr'>polite</span> 
     </span>
     <span class='ocr_line' id='line_1_4' title="bbox 182 644 1282 734; baseline 0.002 -23"><span class='ocrx_word' id='word_1_23' title='bbox 182 647 348 730; x_wconf 82' lang='lat' dir='ltr'>trugoedis</span> <span class='ocrx_word' id='word_1_24' title='bbox 361 646 503 710; x_wconf 86' lang='lat' dir='ltr'>breviter</span> <span class='ocrx_word' id='word_1_25' title='bbox 516 650 649 709; x_wconf 81' lang='lat' dir='ltr'>narratu</span> <span class='ocrx_word' id='word_1_26' title='bbox 662 651 715 710; x_wconf 88' lang='lat' dir='ltr'>est</span> <span class='ocrx_word' id='word_1_27' title='bbox 727 645 841 710; x_wconf 83' lang='lat' dir='ltr'>fubulu</span> <span class='ocrx_word' id='word_1_28' title='bbox 854 645 898 710; x_wconf 80' lang='lat' dir='ltr'>ub</span> <span class='ocrx_word' id='word_1_29' title='bbox 919 644 1101 732; x_wconf 69' lang='lat' dir='ltr'>Hyginus.</span> <span class='ocrx_word' id='word_1_30' title='bbox 1117 649 1203 725; x_wconf 50' lang='lat'>18&amp;</span> <span class='ocrx_word' id='word_1_31' title='bbox 1219 650 1282 734; x_wconf 80' lang='lat' dir='ltr'>J&#39;nm</span> 
     </span>
     <span class='ocr_line' id='line_1_5' title="bbox 186 745 1281 830; baseline 0.003 -17"><span class='ocrx_word' id='word_1_32' title='bbox 186 768 285 813; x_wconf 79' lang='lat' dir='ltr'>onem</span> <span class='ocrx_word' id='word_1_33' title='bbox 301 749 332 812; x_wconf 93' lang='lat' dir='ltr'>is</span> <span class='ocrx_word' id='word_1_34' title='bbox 348 768 425 813; x_wconf 91' lang='lat' dir='ltr'>cum</span> <span class='ocrx_word' id='word_1_35' title='bbox 438 745 582 828; x_wconf 84' lang='lat' dir='ltr'>Virgilio</span> <span class='ocrx_word' id='word_1_36' title='bbox 596 746 698 811; x_wconf 82' lang='lat' dir='ltr'>multo</span> <span class='ocrx_word' id='word_1_37' title='bbox 712 748 830 829; x_wconf 80' lang='lat' dir='ltr'>mngis,</span> <span class='ocrx_word' id='word_1_38' title='bbox 852 766 954 830; x_wconf 81' lang='lat' dir='ltr'>quum</span> <span class='ocrx_word' id='word_1_39' title='bbox 969 767 1049 814; x_wconf 90' lang='lat' dir='ltr'>cum</span> <span class='ocrx_word' id='word_1_40' title='bbox 1068 751 1196 815; x_wconf 82' lang='lat' dir='ltr'>ceteris</span> <span class='ocrx_word' id='word_1_41' title='bbox 1212 769 1281 815; x_wconf 73' lang='lat' dir='ltr'>cuc·</span> 
     </span>
     <span class='ocr_line' id='line_1_6' title="bbox 182 843 1208 944; baseline -0.002 -28"><span class='ocrx_word' id='word_1_42' title='bbox 182 852 319 928; x_wconf 89' lang='lat' dir='ltr'>toribus,</span> <span class='ocrx_word' id='word_1_43' title='bbox 342 851 517 914; x_wconf 78' lang='lat' dir='ltr'>consentit.</span> <span class='ocrx_word' id='word_1_44' title='bbox 889 930 895 944; x_wconf 28' lang='lat'><strong>·</strong></span> <span class='ocrx_word' id='word_1_45' title='bbox 1205 843 1208 847; x_wconf 70' lang='grc'><strong>’</strong></span> 
     </span>
     <span class='ocr_line' id='line_1_7' title="bbox 223 948 1280 1038; baseline 0.002 -21"><span class='ocrx_word' id='word_1_46' title='bbox 223 952 304 1017; x_wconf 75' lang='lat' dir='ltr'>lum</span> <span class='ocrx_word' id='word_1_47' title='bbox 319 952 465 1017; x_wconf 88' lang='lat' dir='ltr'>omnium</span> <span class='ocrx_word' id='word_1_48' title='bbox 488 951 602 1015; x_wconf 90' lang='lat' dir='ltr'>borum</span> <span class='ocrx_word' id='word_1_49' title='bbox 625 948 748 1015; x_wconf 83' lang='lat' dir='ltr'>sontem</span> <span class='ocrx_word' id='word_1_50' title='bbox 769 968 872 1014; x_wconf 88' lang='lat' dir='ltr'>unum</span> <span class='ocrx_word' id='word_1_51' title='bbox 896 949 1046 1034; x_wconf 72' lang='lat' dir='ltr'>dliquem</span> <span class='ocrx_word' id='word_1_52' title='bbox 1068 971 1118 1017; x_wconf 84' lang='lat' dir='ltr'>ex</span> <span class='ocrx_word' id='word_1_53' title='bbox 1144 951 1280 1038; x_wconf 76' lang='lat' dir='ltr'>Cyclic&#39;s</span> 
     </span>
     <span class='ocr_line' id='line_1_8' title="bbox 182 1051 1278 1138; baseline 0.003 -21"><span class='ocrx_word' id='word_1_54' title='bbox 182 1052 292 1137; x_wconf 75' lang='lat' dir='ltr'>politis</span> <span class='ocrx_word' id='word_1_55' title='bbox 322 1053 440 1130; x_wconf 81' lang='lat' dir='ltr'>luisse,</span> <span class='ocrx_word' id='word_1_56' title='bbox 473 1052 597 1116; x_wconf 92' lang='lat' dir='ltr'>dudum</span> <span class='ocrx_word' id='word_1_57' title='bbox 626 1051 836 1135; x_wconf 80' lang='lat' dir='ltr'>suspicabar,</span> <span class='ocrx_word' id='word_1_58' title='bbox 872 1053 1090 1138; x_wconf 79' lang='lat' dir='ltr'>inprimisque</span> <span class='ocrx_word' id='word_1_59' title='bbox 1129 1054 1278 1133; x_wconf 76' lang='lat' dir='ltr'>Iescben,</span> 
     </span>
     <span class='ocr_line' id='line_1_9' title="bbox 183 1152 1280 1245; baseline 0.004 -28"><span class='ocrx_word' id='word_1_60' title='bbox 183 1174 281 1240; x_wconf 87' lang='lat' dir='ltr'>quem</span> <span class='ocrx_word' id='word_1_61' title='bbox 292 1156 404 1238; x_wconf 90' lang='lat' dir='ltr'>utique</span> <span class='ocrx_word' id='word_1_62' title='bbox 420 1152 566 1231; x_wconf 85' lang='lat' dir='ltr'>Quintus</span> <span class='ocrx_word' id='word_1_63' title='bbox 580 1152 786 1245; x_wconf 80' lang='lat' dir='ltr'>expressisse</span> <span class='ocrx_word' id='word_1_64' title='bbox 800 1153 892 1217; x_wconf 87' lang='lat' dir='ltr'>visus</span> <span class='ocrx_word' id='word_1_65' title='bbox 903 1158 985 1218; x_wconf 80' lang='lat' dir='ltr'>erut.</span> <span class='ocrx_word' id='word_1_66' title='bbox 1032 1153 1280 1221; x_wconf 80' lang='lat' dir='ltr'>Dubitutionen</span> 
     </span>
     <span class='ocr_line' id='line_1_10' title="bbox 182 1251 1280 1340; baseline 0.001 -19"><span class='ocrx_word' id='word_1_67' title='bbox 182 1261 291 1321; x_wconf 79' lang='lat' dir='ltr'>tamen</span> <span class='ocrx_word' id='word_1_68' title='bbox 312 1255 459 1320; x_wconf 75' lang='lat' dir='ltr'>faciebat</span> <span class='ocrx_word' id='word_1_69' title='bbox 483 1254 559 1334; x_wconf 88' lang='lat' dir='ltr'>boc,</span> <span class='ocrx_word' id='word_1_70' title='bbox 584 1252 675 1335; x_wconf 88' lang='lat' dir='ltr'>quod</span> <span class='ocrx_word' id='word_1_71' title='bbox 702 1251 834 1317; x_wconf 82' lang='lat' dir='ltr'>Tabula</span> <span class='ocrx_word' id='word_1_72' title='bbox 858 1252 975 1331; x_wconf 83' lang='lat' dir='ltr'>llincu,</span> <span class='ocrx_word' id='word_1_73' title='bbox 998 1273 1078 1338; x_wconf 80' lang='lat' dir='ltr'>quse</span> <span class='ocrx_word' id='word_1_74' title='bbox 1107 1263 1192 1340; x_wconf 87' lang='lat' dir='ltr'>post</span> <span class='ocrx_word' id='word_1_75' title='bbox 1217 1257 1280 1322; x_wconf 85' lang='lat' dir='ltr'>Ho-</span> 
     </span>
     <span class='ocr_line' id='line_1_11' title="bbox 180 1348 1279 1436; baseline 0.002 -15"><span class='ocrx_word' id='word_1_76' title='bbox 180 1375 307 1421; x_wconf 81' lang='lat' dir='ltr'>merum</span> <span class='ocrx_word' id='word_1_77' title='bbox 320 1361 354 1420; x_wconf 88' lang='lat' dir='ltr'>et</span> <span class='ocrx_word' id='word_1_78' title='bbox 367 1354 540 1420; x_wconf 81' lang='lat' dir='ltr'>Arctinum</span> <span class='ocrx_word' id='word_1_79' title='bbox 554 1372 599 1418; x_wconf 84' lang='lat' dir='ltr'>ex</span> <span class='ocrx_word' id='word_1_80' title='bbox 614 1348 717 1414; x_wconf 81' lang='lat' dir='ltr'>Iliade</span> <span class='ocrx_word' id='word_1_81' title='bbox 727 1371 831 1435; x_wconf 83' lang='lat' dir='ltr'>parca</span> <span class='ocrx_word' id='word_1_82' title='bbox 852 1373 1012 1436; x_wconf 77' lang='lat' dir='ltr'>expressa</span> <span class='ocrx_word' id='word_1_83' title='bbox 1025 1361 1090 1432; x_wconf 82' lang='lat' dir='ltr'>est,</span> <span class='ocrx_word' id='word_1_84' title='bbox 1114 1355 1279 1422; x_wconf 77' lang='lat' dir='ltr'>Laocoon-</span> 
     </span>
     <span class='ocr_line' id='line_1_12' title="bbox 181 1452 1275 1543; baseline 0 -21"><span class='ocrx_word' id='word_1_85' title='bbox 181 1463 248 1523; x_wconf 88' lang='lat' dir='ltr'>tem</span> <span class='ocrx_word' id='word_1_86' title='bbox 262 1459 402 1541; x_wconf 81' lang='lat' dir='ltr'>ignorat.</span> <span class='ocrx_word' id='word_1_87' title='bbox 447 1455 515 1520; x_wconf 84' lang='lat' dir='ltr'>Sed</span> <span class='ocrx_word' id='word_1_88' title='bbox 528 1455 638 1539; x_wconf 89' lang='lat' dir='ltr'>potuit</span> <span class='ocrx_word' id='word_1_89' title='bbox 657 1473 698 1517; x_wconf 83' lang='lat' dir='ltr'>eu</span> <span class='ocrx_word' id='word_1_90' title='bbox 711 1473 765 1517; x_wconf 86' lang='lat' dir='ltr'>res</span> <span class='ocrx_word' id='word_1_91' title='bbox 779 1473 821 1520; x_wconf 86' lang='lat' dir='ltr'>uc</span> <span class='ocrx_word' id='word_1_92' title='bbox 837 1452 952 1518; x_wconf 86' lang='lat' dir='ltr'>debuit</span> <span class='ocrx_word' id='word_1_93' title='bbox 969 1473 1047 1519; x_wconf 90' lang='lat' dir='ltr'>cum</span> <span class='ocrx_word' id='word_1_94' title='bbox 1062 1460 1275 1543; x_wconf 68' lang='lat' dir='ltr'>ceterisque</span> 
     </span>
     <span class='ocr_line' id='line_1_13' title="bbox 182 1556 1313 1642; baseline 0.004 -19"><span class='ocrx_word' id='word_1_95' title='bbox 182 1559 420 1636; x_wconf 83' lang='lat' dir='ltr'>desiderantur,</span> <span class='ocrx_word' id='word_1_96' title='bbox 442 1559 477 1621; x_wconf 93' lang='lat' dir='ltr'>in</span> <span class='ocrx_word' id='word_1_97' title='bbox 491 1557 594 1622; x_wconf 82' lang='lat' dir='ltr'>alteru</span> <span class='ocrx_word' id='word_1_98' title='bbox 617 1556 757 1620; x_wconf 80' lang='lat' dir='ltr'>Tabulae</span> <span class='ocrx_word' id='word_1_99' title='bbox 772 1562 876 1640; x_wconf 85' lang='lat' dir='ltr'>parte,</span> <span class='ocrx_word' id='word_1_100' title='bbox 900 1577 976 1640; x_wconf 86' lang='lat' dir='ltr'>quae</span> <span class='ocrx_word' id='word_1_101' title='bbox 991 1559 1103 1642; x_wconf 87' lang='lat' dir='ltr'>periit,</span> <span class='ocrx_word' id='word_1_102' title='bbox 1127 1561 1274 1626; x_wconf 78' lang='lat' dir='ltr'>exbiberi.</span> <span class='ocrx_word' id='word_1_103' title='bbox 1310 1578 1313 1587; x_wconf 83' lang='grc'><strong><em>’</em></strong></span> 
     </span>
     <span class='ocr_line' id='line_1_14' title="bbox 182 1658 1275 1748; baseline 0.002 -24"><span class='ocrx_word' id='word_1_104' title='bbox 182 1659 285 1724; x_wconf 89' lang='lat' dir='ltr'>Nunc</span> <span class='ocrx_word' id='word_1_105' title='bbox 299 1679 343 1724; x_wconf 88' lang='lat' dir='ltr'>ex</span> <span class='ocrx_word' id='word_1_106' title='bbox 359 1659 473 1723; x_wconf 88' lang='lat' dir='ltr'>Procli</span> <span class='ocrx_word' id='word_1_107' title='bbox 487 1659 603 1741; x_wconf 77' lang='lat' dir='ltr'>irngm.</span> <span class='ocrx_word' id='word_1_108' title='bbox 618 1658 693 1723; x_wconf 84' lang='lat' dir='ltr'>baec</span> <span class='ocrx_word' id='word_1_109' title='bbox 712 1658 839 1722; x_wconf 82' lang='lat' dir='ltr'>trudere</span> <span class='ocrx_word' id='word_1_110' title='bbox 857 1659 954 1723; x_wconf 86' lang='lat' dir='ltr'>licet:</span> <span class='ocrx_word' id='word_1_111' title='bbox 977 1658 1180 1745; x_wconf 75' lang='lat' dir='ltr'>Praecipuus</span> <span class='ocrx_word' id='word_1_112' title='bbox 1193 1663 1275 1748; x_wconf 84' lang='lat' dir='ltr'>hujus</span> 
     </span>
     <span class='ocr_line' id='line_1_15' title="bbox 181 1756 1275 1846; baseline 0.003 -21"><span class='ocrx_word' id='word_1_113' title='bbox 181 1762 305 1826; x_wconf 81' lang='lat' dir='ltr'>sabuloe</span> <span class='ocrx_word' id='word_1_114' title='bbox 318 1761 440 1826; x_wconf 85' lang='lat' dir='ltr'>fundus</span> <span class='ocrx_word' id='word_1_115' title='bbox 453 1761 517 1825; x_wconf 82' lang='lat' dir='ltr'>suit</span> <span class='ocrx_word' id='word_1_116' title='bbox 528 1759 616 1822; x_wconf 76' lang='grc' dir='ltr'>Ἰλίου</span> <span class='ocrx_word' id='word_1_117' title='bbox 629 1757 727 1845; x_wconf 62' lang='grc' dir='ltr'>πέρσας</span> <span class='ocrx_word' id='word_1_118' title='bbox 742 1756 890 1826; x_wconf 84' lang='lat' dir='ltr'>Arctini:</span> <span class='ocrx_word' id='word_1_119' title='bbox 913 1780 985 1838; x_wconf 87' lang='lat' dir='ltr'>scu,</span> <span class='ocrx_word' id='word_1_120' title='bbox 1007 1761 1100 1844; x_wconf 90' lang='lat' dir='ltr'>quod</span> <span class='ocrx_word' id='word_1_121' title='bbox 1115 1763 1275 1846; x_wconf 75' lang='lat' dir='ltr'>probabile</span> 
     </span>
     <span class='ocr_line' id='line_1_16' title="bbox 170 1860 1274 1945; baseline 0.002 -20"><span class='ocrx_word' id='word_1_122' title='bbox 170 1861 230 1938; x_wconf 67' lang='lat' dir='ltr'>uit,</span> <span class='ocrx_word' id='word_1_123' title='bbox 254 1860 411 1939; x_wconf 74' lang='lat' dir='ltr'>Iacschis3</span> <span class='ocrx_word' id='word_1_124' title='bbox 433 1862 468 1924; x_wconf 93' lang='lat' dir='ltr'>iu</span> <span class='ocrx_word' id='word_1_125' title='bbox 491 1861 587 1944; x_wconf 90' lang='lat' dir='ltr'>cujus</span> <span class='ocrx_word' id='word_1_126' title='bbox 609 1863 703 1925; x_wconf 90' lang='lat' dir='ltr'>initio</span> <span class='ocrx_word' id='word_1_127' title='bbox 726 1861 838 1926; x_wconf 81' lang='lat' dir='ltr'>statim</span> <span class='ocrx_word' id='word_1_128' title='bbox 866 1863 1059 1945; x_wconf 85' lang='lat' dir='ltr'>expositum</span> <span class='ocrx_word' id='word_1_129' title='bbox 1081 1863 1166 1930; x_wconf 79' lang='lat' dir='ltr'>fuit:</span> <span class='ocrx_word' id='word_1_130' title='bbox 1191 1861 1274 1939; x_wconf 62' lang='lat' dir='ltr'>cifri</span> 
     </span>
     <span class='ocr_line' id='line_1_17' title="bbox 180 1958 1273 2047; baseline 0.007 -25"><span class='ocrx_word' id='word_1_131' title='bbox 180 1961 241 2044; x_wconf 72' lang='grc' dir='ltr'><strong><em>περὶ</em></strong></span> <span class='ocrx_word' id='word_1_132' title='bbox 255 1961 302 2022; x_wconf 80' lang='lat' dir='ltr'>riu</span> <span class='ocrx_word' id='word_1_133' title='bbox 316 1960 397 2022; x_wconf 73' lang='grc' dir='ltr'><strong><em>ἵππον</em></strong></span> <span class='ocrx_word' id='word_1_134' title='bbox 411 1964 436 2022; x_wconf 83' lang='lat' dir='ltr'>ci</span> <span class='ocrx_word' id='word_1_135' title='bbox 453 1964 542 2044; x_wconf 76' lang='grc' dir='ltr'><strong><em>Τρῶες</em></strong></span> <span class='ocrx_word' id='word_1_136' title='bbox 557 1958 683 2034; x_wconf 75' lang='grc' dir='ltr'><strong><em>ὑπόπτως</em></strong></span> <span class='ocrx_word' id='word_1_137' title='bbox 704 1959 827 2045; x_wconf 68' lang='grc' dir='ltr'>ἔχοντες,</span> <span class='ocrx_word' id='word_1_138' title='bbox 848 1960 1029 2047; x_wconf 70' lang='grc' dir='ltr'>περιστάντες</span> <span class='ocrx_word' id='word_1_139' title='bbox 1043 1964 1237 2045; x_wconf 57' lang='lat' dir='ltr'>ficemur,</span> <span class='ocrx_word' id='word_1_140' title='bbox 1254 1962 1273 2043; x_wconf 82' lang='grc' dir='ltr'>ε’,</span> 
     </span>
     <span class='ocr_line' id='line_1_18' title="bbox 181 2061 1275 2148; baseline 0.005 -23"><span class='ocrx_word' id='word_1_141' title='bbox 181 2087 211 2125; x_wconf 79' lang='lat' dir='ltr'>ri</span> <span class='ocrx_word' id='word_1_142' title='bbox 222 2066 281 2148; x_wconf 73' lang='grc' dir='ltr'>χρὴ</span> <span class='ocrx_word' id='word_1_143' title='bbox 296 2065 388 2126; x_wconf 78' lang='grc' dir='ltr'><strong><em>ποιεῖν·</em></strong></span> <span class='ocrx_word' id='word_1_144' title='bbox 407 2061 456 2124; x_wconf 82' lang='grc' dir='ltr'>καὶ</span> <span class='ocrx_word' id='word_1_145' title='bbox 479 2065 537 2136; x_wconf 79' lang='grc' dir='ltr'><strong>τοῖς</strong></span> <span class='ocrx_word' id='word_1_146' title='bbox 560 2061 612 2142; x_wconf 78' lang='grc' dir='ltr'>μὲν</span> <span class='ocrx_word' id='word_1_147' title='bbox 630 2063 700 2124; x_wconf 76' lang='grc' dir='ltr'><strong><em>δοκεῖ</em></strong></span> <span class='ocrx_word' id='word_1_148' title='bbox 714 2061 943 2148; x_wconf 67' lang='grc' dir='ltr'><strong><em>κατακρημνίσαι</em></strong></span> <span class='ocrx_word' id='word_1_149' title='bbox 958 2064 1053 2142; x_wconf 73' lang='grc' dir='ltr'><strong><em>αὑτὸν,</em></strong></span> <span class='ocrx_word' id='word_1_150' title='bbox 1075 2069 1137 2140; x_wconf 78' lang='grc' dir='ltr'>ταῖς</span> <span class='ocrx_word' id='word_1_151' title='bbox 1155 2066 1275 2130; x_wconf 62' lang='lat' dir='ltr'>um</span> 
     </span>
    </p>
   </div>
   <div class='ocr_carea' id='block_1_3' title="bbox 67 2159 1274 2255">
    <p class='ocr_par' dir='ltr' id='par_1_3' title="bbox 67 2159 1274 2255">
     <span class='ocr_line' id='line_1_19' title="bbox 67 2159 1274 2255; baseline -0.026 -22"><span class='ocrx_word' id='word_1_152' title='bbox 67 2250 70 2255; x_wconf 23' lang='grc' dir='ltr'>Ι</span> <span class='ocrx_word' id='word_1_153' title='bbox 181 2161 306 2246; x_wconf 75' lang='grc' dir='ltr'>φλέγειν.</span> <span class='ocrx_word' id='word_1_154' title='bbox 333 2167 359 2227; x_wconf 82' lang='lat' dir='ltr'>oi</span> <span class='ocrx_word' id='word_1_155' title='bbox 373 2163 401 2225; x_wconf 72' lang='grc' dir='ltr'>δὲ</span> <span class='ocrx_word' id='word_1_156' title='bbox 422 2162 490 2248; x_wconf 72' lang='grc' dir='ltr'><strong><em>ἱερὸν</em></strong></span> <span class='ocrx_word' id='word_1_157' title='bbox 513 2164 596 2225; x_wconf 77' lang='grc' dir='ltr'><strong><em>αὐτὸν</em></strong></span> <span class='ocrx_word' id='word_1_158' title='bbox 610 2159 719 2245; x_wconf 72' lang='grc' dir='ltr'><strong><em>ἔφασαν</em></strong></span> <span class='ocrx_word' id='word_1_159' title='bbox 734 2164 787 2225; x_wconf 77' lang='grc' dir='ltr'>δεῖν</span> <span class='ocrx_word' id='word_1_160' title='bbox 800 2167 836 2248; x_wconf 67' lang='grc' dir='ltr'>τῇ</span> <span class='ocrx_word' id='word_1_161' title='bbox 847 2163 945 2250; x_wconf 65' lang='grc' dir='ltr'><em>Ἀθηνᾷ</em></span> <span class='ocrx_word' id='word_1_162' title='bbox 959 2164 1199 2241; x_wconf 36' lang='grc' dir='ltr'>καταβῆναι-ε,</span> <span class='ocrx_word' id='word_1_163' title='bbox 1208 2170 1274 2251; x_wconf 44' lang='grc' dir='ltr'>ἀπ’,</span> 
     </span>
    </p>
   </div>
   <div class='ocr_carea' id='block_1_4' title="bbox 179 2260 1276 2650">
    <p class='ocr_par' dir='ltr' id='par_1_4' title="bbox 179 2260 1276 2650">
     <span class='ocr_line' id='line_1_20' title="bbox 180 2260 1275 2352; baseline 0.008 -29"><span class='ocrx_word' id='word_1_164' title='bbox 180 2267 207 2326; x_wconf 77' lang='grc' dir='ltr'>δὲ</span> <span class='ocrx_word' id='word_1_165' title='bbox 223 2263 266 2326; x_wconf 81' lang='grc' dir='ltr'>ὃυέ</span> <span class='ocrx_word' id='word_1_166' title='bbox 282 2262 425 2346; x_wconf 69' lang='grc' dir='ltr'><strong><em>δράκοντες</em></strong></span> <span class='ocrx_word' id='word_1_167' title='bbox 441 2260 614 2344; x_wconf 55' lang='lat' dir='ltr'>&amp;abacistis</span> <span class='ocrx_word' id='word_1_168' title='bbox 626 2262 857 2326; x_wconf 62' lang='lat' dir='ltr'>clunaculum</span> <span class='ocrx_word' id='word_1_169' title='bbox 873 2265 923 2326; x_wconf 76' lang='grc' dir='ltr'>καὶ</span> <span class='ocrx_word' id='word_1_170' title='bbox 936 2262 985 2328; x_wconf 77' lang='grc' dir='ltr'>τᾶν</span> <span class='ocrx_word' id='word_1_171' title='bbox 997 2262 1090 2352; x_wconf 64' lang='lat' dir='ltr'>lrrpev</span> <span class='ocrx_word' id='word_1_172' title='bbox 1105 2271 1163 2331; x_wconf 64' lang='grc' dir='ltr'>παῖε</span> <span class='ocrx_word' id='word_1_173' title='bbox 1181 2264 1275 2331; x_wconf 65' lang='lat' dir='ltr'>salto</span> 
     </span>
     <span class='ocr_line' id='line_1_21' title="bbox 181 2357 1275 2449; baseline 0.005 -24"><span class='ocrx_word' id='word_1_174' title='bbox 181 2362 391 2449; x_wconf 73' lang='grc' dir='ltr'>διαρθιίρουσιν.</span> <span class='ocrx_word' id='word_1_175' title='bbox 441 2361 566 2426; x_wconf 78' lang='lat' dir='ltr'>Contra</span> <span class='ocrx_word' id='word_1_176' title='bbox 588 2361 622 2424; x_wconf 92' lang='lat' dir='ltr'>iu</span> <span class='ocrx_word' id='word_1_177' title='bbox 647 2357 759 2422; x_wconf 80' lang='lat' dir='ltr'>Iliadis</span> <span class='ocrx_word' id='word_1_178' title='bbox 772 2380 881 2442; x_wconf 74' lang='lat' dir='ltr'>parce</span> <span class='ocrx_word' id='word_1_179' title='bbox 902 2371 1104 2443; x_wconf 79' lang='lat' dir='ltr'>argumento,</span> <span class='ocrx_word' id='word_1_180' title='bbox 1138 2368 1275 2449; x_wconf 86' lang='lat' dir='ltr'>quodin</span> 
     </span>
     <span class='ocr_line' id='line_1_22' title="bbox 180 2460 1276 2548; baseline 0.004 -20"><span class='ocrx_word' id='word_1_181' title='bbox 180 2464 269 2548; x_wconf 88' lang='lat' dir='ltr'>Equi</span> <span class='ocrx_word' id='word_1_182' title='bbox 292 2465 327 2528; x_wconf 90' lang='lat' dir='ltr'>in</span> <span class='ocrx_word' id='word_1_183' title='bbox 351 2465 466 2528; x_wconf 87' lang='lat' dir='ltr'>urbem</span> <span class='ocrx_word' id='word_1_184' title='bbox 488 2461 684 2525; x_wconf 87' lang='lat' dir='ltr'>deductione</span> <span class='ocrx_word' id='word_1_185' title='bbox 705 2460 868 2538; x_wconf 80' lang='lat' dir='ltr'>subsistit,</span> <span class='ocrx_word' id='word_1_186' title='bbox 898 2460 990 2525; x_wconf 81' lang='lat' dir='ltr'>nullo</span> <span class='ocrx_word' id='word_1_187' title='bbox 1013 2460 1223 2532; x_wconf 67' lang='lat' dir='ltr'>laocoontis</span> <span class='ocrx_word' id='word_1_188' title='bbox 1245 2467 1276 2531; x_wconf 83' lang='lat' dir='ltr'>u</span> 
     </span>
     <span class='ocr_line' id='line_1_23' title="bbox 179 2559 1276 2650; baseline -0.002 -20"><span class='ocrx_word' id='word_1_189' title='bbox 179 2568 313 2630; x_wconf 89' lang='lat' dir='ltr'>mentio.</span> <span class='ocrx_word' id='word_1_190' title='bbox 358 2562 547 2627; x_wconf 85' lang='lat' dir='ltr'>Secundum</span> <span class='ocrx_word' id='word_1_191' title='bbox 567 2559 653 2623; x_wconf 92' lang='lat' dir='ltr'>hunc</span> <span class='ocrx_word' id='word_1_192' title='bbox 678 2559 780 2623; x_wconf 81' lang='lat' dir='ltr'>ulium</span> <span class='ocrx_word' id='word_1_193' title='bbox 799 2559 919 2639; x_wconf 77' lang='lat' dir='ltr'>babeo,</span> <span class='ocrx_word' id='word_1_194' title='bbox 934 2580 1034 2643; x_wconf 87' lang='lat' dir='ltr'>quem</span> <span class='ocrx_word' id='word_1_195' title='bbox 1055 2562 1143 2629; x_wconf 80' lang='lat' dir='ltr'>inter</span> <span class='ocrx_word' id='word_1_196' title='bbox 1162 2569 1276 2650; x_wconf 82' lang='lat' dir='ltr'>primos</span> 
     </span>
    </p>
   </div>
   <div class='ocr_carea' id='block_1_5' title="bbox 179 2657 1279 3157">
    <p class='ocr_par' dir='ltr' id='par_1_5' title="bbox 179 2657 1279 3157">
     <span class='ocr_line' id='line_1_24' title="bbox 179 2657 1277 2746; baseline 0.005 -17"><span class='ocrx_word' id='word_1_197' title='bbox 179 2666 303 2729; x_wconf 63' lang='lat' dir='ltr'>fabulae</span> <span class='ocrx_word' id='word_1_198' title='bbox 317 2669 468 2727; x_wconf 82' lang='lat' dir='ltr'>auctores</span> <span class='ocrx_word' id='word_1_199' title='bbox 480 2662 650 2725; x_wconf 86' lang='lat' dir='ltr'>nominare</span> <span class='ocrx_word' id='word_1_200' title='bbox 662 2662 786 2742; x_wconf 86' lang='lat' dir='ltr'>possis,</span> <span class='ocrx_word' id='word_1_201' title='bbox 803 2657 1044 2744; x_wconf 76' lang='lat' dir='ltr'>Bacchylidem:</span> <span class='ocrx_word' id='word_1_202' title='bbox 1062 2682 1142 2729; x_wconf 82' lang='lat' dir='ltr'>nnm</span> <span class='ocrx_word' id='word_1_203' title='bbox 1157 2667 1277 2746; x_wconf 80' lang='lat' dir='ltr'>is,8er·</span> 
     </span>
     <span class='ocr_line' id='line_1_25' title="bbox 180 2762 1278 2852; baseline 0.004 -20"><span class='ocrx_word' id='word_1_204' title='bbox 180 2770 237 2832; x_wconf 90' lang='lat' dir='ltr'>vio</span> <span class='ocrx_word' id='word_1_205' title='bbox 252 2766 385 2850; x_wconf 90' lang='lat' dir='ltr'>quidem</span> <span class='ocrx_word' id='word_1_206' title='bbox 397 2771 491 2842; x_wconf 88' lang='lat' dir='ltr'>teste,</span> <span class='ocrx_word' id='word_1_207' title='bbox 514 2763 581 2827; x_wconf 86' lang='lat' dir='ltr'>‘de</span> <span class='ocrx_word' id='word_1_208' title='bbox 595 2762 787 2829; x_wconf 85' lang='lat' dir='ltr'>Laocoonte</span> <span class='ocrx_word' id='word_1_209' title='bbox 810 2771 844 2830; x_wconf 89' lang='lat' dir='ltr'>et</span> <span class='ocrx_word' id='word_1_210' title='bbox 864 2785 967 2852; x_wconf 82' lang='lat' dir='ltr'>uxore</span> <span class='ocrx_word' id='word_1_211' title='bbox 988 2768 1059 2851; x_wconf 85' lang='lat' dir='ltr'>ejus</span> <span class='ocrx_word' id='word_1_212' title='bbox 1081 2770 1138 2834; x_wconf 81' lang='lat' dir='ltr'>vel</span> <span class='ocrx_word' id='word_1_213' title='bbox 1160 2770 1205 2834; x_wconf 87' lang='lat' dir='ltr'>de</span> <span class='ocrx_word' id='word_1_214' title='bbox 1221 2790 1278 2835; x_wconf 85' lang='lat' dir='ltr'>ser·</span> 
     </span>
     <span class='ocr_line' id='line_1_26' title="bbox 180 2863 1279 2952; baseline 0.005 -21"><span class='ocrx_word' id='word_1_215' title='bbox 180 2868 333 2952; x_wconf 87' lang='lat' dir='ltr'>pentibus</span> <span class='ocrx_word' id='word_1_216' title='bbox 358 2886 380 2931; x_wconf 83' lang='lat' dir='ltr'><strong>a</strong></span> <span class='ocrx_word' id='word_1_217' title='bbox 402 2865 564 2949; x_wconf 82' lang='lat' dir='ltr'>Calydnis</span> <span class='ocrx_word' id='word_1_218' title='bbox 587 2863 705 2928; x_wconf 89' lang='lat' dir='ltr'>insulis</span> <span class='ocrx_word' id='word_1_219' title='bbox 727 2865 936 2930; x_wconf 82' lang='lat' dir='ltr'>venientibus</span> <span class='ocrx_word' id='word_1_220' title='bbox 958 2871 1058 2951; x_wconf 82' lang='lat' dir='ltr'>utque</span> <span class='ocrx_word' id='word_1_221' title='bbox 1078 2868 1279 2937; x_wconf 78' lang='lat' dir='ltr'>iu‘ltomines</span> 
     </span>
     <span class='ocr_line' id='line_1_27' title="bbox 181 2966 1277 3052; baseline 0.001 -18"><span class='ocrx_word' id='word_1_222' title='bbox 181 2966 361 3034; x_wconf 86' lang='lat' dir='ltr'>couversis&#39;</span> <span class='ocrx_word' id='word_1_223' title='bbox 380 2968 588 3032; x_wconf 81' lang='lat' dir='ltr'>meminerat:</span> <span class='ocrx_word' id='word_1_224' title='bbox 629 2967 699 3048; x_wconf 90' lang='lat' dir='ltr'>qui,</span> <span class='ocrx_word' id='word_1_225' title='bbox 725 2967 754 3029; x_wconf 86' lang='lat' dir='ltr'>si</span> <span class='ocrx_word' id='word_1_226' title='bbox 779 2969 934 3051; x_wconf 84' lang='lat' dir='ltr'>antiquus</span> <span class='ocrx_word' id='word_1_227' title='bbox 959 2969 1015 3033; x_wconf 87' lang='lat' dir='ltr'>illc</span> <span class='ocrx_word' id='word_1_228' title='bbox 1039 2970 1103 3036; x_wconf 83' lang='lat' dir='ltr'>init</span> <span class='ocrx_word' id='word_1_229' title='bbox 1127 2973 1277 3052; x_wconf 69' lang='grc' dir='ltr'>μελοποιὸς,</span> 
     </span>
     <span class='ocr_line' id='line_1_28' title="bbox 179 3067 1278 3157; baseline 0.002 -23"><span class='ocrx_word' id='word_1_230' title='bbox 179 3070 316 3135; x_wconf 77' lang='lat' dir='ltr'>Pindari</span> <span class='ocrx_word' id='word_1_231' title='bbox 331 3069 484 3154; x_wconf 79' lang='lat' dir='ltr'>aequalis,</span> <span class='ocrx_word' id='word_1_232' title='bbox 499 3071 533 3132; x_wconf 91' lang='lat' dir='ltr'>in</span> <span class='ocrx_word' id='word_1_233' title='bbox 546 3067 661 3151; x_wconf 88' lang='lat' dir='ltr'>lyricis</span> <span class='ocrx_word' id='word_1_234' title='bbox 676 3067 746 3130; x_wconf 86' lang='lat' dir='ltr'>suis</span> <span class='ocrx_word' id='word_1_235' title='bbox 766 3072 824 3131; x_wconf 83' lang='lat' dir='ltr'>aut</span> <span class='ocrx_word' id='word_1_236' title='bbox 846 3068 1025 3133; x_wconf 84' lang='lat' dir='ltr'>Stesichori</span> <span class='ocrx_word' id='word_1_237' title='bbox 1038 3075 1200 3157; x_wconf 84' lang='lat' dir='ltr'>exemplo</span> <span class='ocrx_word' id='word_1_238' title='bbox 1213 3094 1278 3142; x_wconf 75' lang='lat' dir='ltr'>enr-</span> 
     </span>
    </p>
   </div>
   <div class='ocr_carea' id='block_1_6' title="bbox 47 3168 1277 3254">
    <p class='ocr_par' dir='ltr' id='par_1_6' title="bbox 47 3168 1277 3254">
     <span class='ocr_line' id='line_1_29' title="bbox 47 3168 1277 3254; baseline 0.007 -21"><span class='ocrx_word' id='word_1_239' title='bbox 47 3170 49 3177; x_wconf 83' lang='grc'><em>’</em></span> <span class='ocrx_word' id='word_1_240' title='bbox 179 3172 279 3236; x_wconf 90' lang='lat' dir='ltr'>minis</span> <span class='ocrx_word' id='word_1_241' title='bbox 304 3177 531 3254; x_wconf 81' lang='lat' dir='ltr'>argumentum</span> <span class='ocrx_word' id='word_1_242' title='bbox 558 3169 679 3245; x_wconf 83' lang='lat' dir='ltr'>tacere,</span> <span class='ocrx_word' id='word_1_243' title='bbox 711 3173 769 3232; x_wconf 81' lang='lat' dir='ltr'>aut</span> <span class='ocrx_word' id='word_1_244' title='bbox 795 3168 999 3251; x_wconf 78' lang='lat' dir='ltr'>digressione</span> <span class='ocrx_word' id='word_1_245' title='bbox 1022 3171 1114 3239; x_wconf 80' lang='lat' dir='ltr'>facts</span> <span class='ocrx_word' id='word_1_246' title='bbox 1138 3175 1277 3241; x_wconf 80' lang='lat' dir='ltr'>sabulum</span> 
     </span>
    </p>
   </div>
   <div class='ocr_carea' id='block_1_7' title="bbox 178 3268 1280 4160">
    <p class='ocr_par' dir='ltr' id='par_1_7' title="bbox 178 3268 1280 4160">
     <span class='ocr_line' id='line_1_30' title="bbox 180 3268 1279 3353; baseline 0.006 -19"><span class='ocrx_word' id='word_1_247' title='bbox 180 3273 337 3353; x_wconf 74' lang='lat' dir='ltr'>attingere</span> <span class='ocrx_word' id='word_1_248' title='bbox 349 3273 469 3353; x_wconf 90' lang='lat' dir='ltr'>potuit,</span> <span class='ocrx_word' id='word_1_249' title='bbox 489 3277 526 3334; x_wconf 90' lang='lat' dir='ltr'>ut</span> <span class='ocrx_word' id='word_1_250' title='bbox 539 3277 650 3335; x_wconf 78' lang='lat' dir='ltr'>tumen</span> <span class='ocrx_word' id='word_1_251' title='bbox 673 3268 745 3352; x_wconf 83' lang='lat' dir='ltr'>ejus</span> <span class='ocrx_word' id='word_1_252' title='bbox 760 3271 864 3335; x_wconf 81' lang='lat' dir='ltr'>verbu</span> <span class='ocrx_word' id='word_1_253' title='bbox 885 3271 1064 3353; x_wconf 82' lang='lat' dir='ltr'>profundo</span> <span class='ocrx_word' id='word_1_254' title='bbox 1086 3279 1279 3344; x_wconf 76' lang='lat' dir='ltr'>essmtreli-</span> 
     </span>
     <span class='ocr_line' id='line_1_31' title="bbox 180 3368 1279 3453; baseline 0.014 -22"><span class='ocrx_word' id='word_1_255' title='bbox 180 3371 255 3450; x_wconf 89' lang='lat' dir='ltr'>quis</span> <span class='ocrx_word' id='word_1_256' title='bbox 268 3370 390 3453; x_wconf 86' lang='lat' dir='ltr'>po&#39;c&#39;tis.</span> <span class='ocrx_word' id='word_1_257' title='bbox 435 3368 511 3432; x_wconf 86' lang='lat' dir='ltr'>Una</span> <span class='ocrx_word' id='word_1_258' title='bbox 525 3369 632 3433; x_wconf 83' lang='lat' dir='ltr'>adhuc</span> <span class='ocrx_word' id='word_1_259' title='bbox 646 3376 795 3451; x_wconf 84' lang='lat' dir='ltr'>superest</span> <span class='ocrx_word' id='word_1_260' title='bbox 808 3371 931 3437; x_wconf 75' lang='lat' dir='ltr'>subulae</span> <span class='ocrx_word' id='word_1_261' title='bbox 946 3372 988 3437; x_wconf 90' lang='lat' dir='ltr'>de</span> <span class='ocrx_word' id='word_1_262' title='bbox 1003 3373 1199 3443; x_wconf 73' lang='lat' dir='ltr'>Laocoonte</span> <span class='ocrx_word' id='word_1_263' title='bbox 1211 3398 1279 3445; x_wconf 59' lang='lat' dir='ltr'>nun</span> 
     </span>
     <span class='ocr_line' id='line_1_32' title="bbox 178 3468 1277 3560; baseline 0.013 -30"><span class='ocrx_word' id='word_1_264' title='bbox 178 3468 262 3531; x_wconf 84' lang='lat' dir='ltr'>ratio</span> <span class='ocrx_word' id='word_1_265' title='bbox 276 3486 331 3549; x_wconf 82' lang='lat' dir='ltr'>sp.</span> <span class='ocrx_word' id='word_1_266' title='bbox 349 3468 480 3531; x_wconf 86' lang='lat' dir='ltr'>Petron.</span> <span class='ocrx_word' id='word_1_267' title='bbox 496 3489 526 3532; x_wconf 92' lang='lat' dir='ltr'>c.</span> <span class='ocrx_word' id='word_1_268' title='bbox 542 3470 584 3534; x_wconf 76' lang='lat'>89</span> <span class='ocrx_word' id='word_1_269' title='bbox 598 3468 753 3533; x_wconf 75' lang='grc' dir='ltr'>ἰηάλώσει</span> <span class='ocrx_word' id='word_1_270' title='bbox 768 3471 881 3555; x_wconf 82' lang='lat' dir='ltr'>Trojae</span> <span class='ocrx_word' id='word_1_271' title='bbox 896 3494 929 3535; x_wconf 90' lang='lat' dir='ltr'>v.</span> <span class='ocrx_word' id='word_1_272' title='bbox 944 3475 988 3539; x_wconf 73' lang='lat'>29</span> <span class='ocrx_word' id='word_1_273' title='bbox 1002 3494 1091 3560; x_wconf 66' lang='lat' dir='ltr'>sqq„</span> <span class='ocrx_word' id='word_1_274' title='bbox 1109 3479 1277 3544; x_wconf 76' lang='lat' dir='ltr'>sedecex</span> 
     </span>
     <span class='ocr_line' id='line_1_33' title="bbox 179 3564 1278 3655; baseline 0.014 -27"><span class='ocrx_word' id='word_1_275' title='bbox 179 3564 335 3647; x_wconf 84' lang='lat' dir='ltr'>Virgilio,</span> <span class='ocrx_word' id='word_1_276' title='bbox 358 3569 392 3632; x_wconf 92' lang='lat' dir='ltr'>in</span> <span class='ocrx_word' id='word_1_277' title='bbox 416 3570 578 3633; x_wconf 86' lang='lat' dir='ltr'>nonnullis</span> <span class='ocrx_word' id='word_1_278' title='bbox 600 3576 725 3634; x_wconf 85' lang='lat' dir='ltr'>tautum</span> <span class='ocrx_word' id='word_1_279' title='bbox 743 3591 809 3635; x_wconf 91' lang='lat' dir='ltr'>non</span> <span class='ocrx_word' id='word_1_280' title='bbox 829 3574 1012 3655; x_wconf 87' lang='lat' dir='ltr'>pueriliter,</span> <span class='ocrx_word' id='word_1_281' title='bbox 1025 3575 1061 3638; x_wconf 93' lang='lat' dir='ltr'>in</span> <span class='ocrx_word' id='word_1_282' title='bbox 1076 3576 1157 3640; x_wconf 84' lang='lat' dir='ltr'>ullis</span> <span class='ocrx_word' id='word_1_283' title='bbox 1170 3577 1278 3643; x_wconf 75' lang='lat' dir='ltr'>deols·</span> 
     </span>
     <span class='ocr_line' id='line_1_34' title="bbox 179 3668 1280 3760; baseline 0.011 -29"><span class='ocrx_word' id='word_1_284' title='bbox 179 3668 318 3732; x_wconf 80' lang='lat' dir='ltr'>matoric</span> <span class='ocrx_word' id='word_1_285' title='bbox 332 3670 442 3732; x_wconf 87' lang='lat' dir='ltr'>omnia</span> <span class='ocrx_word' id='word_1_286' title='bbox 463 3672 498 3733; x_wconf 92' lang='lat' dir='ltr'>in</span> <span class='ocrx_word' id='word_1_287' title='bbox 521 3673 630 3755; x_wconf 84' lang='lat' dir='ltr'>majus</span> <span class='ocrx_word' id='word_1_288' title='bbox 652 3671 830 3749; x_wconf 88' lang='lat' dir='ltr'>efferendo,</span> <span class='ocrx_word' id='word_1_289' title='bbox 846 3693 1007 3756; x_wconf 80' lang='lat' dir='ltr'>expressa</span> <span class='ocrx_word' id='word_1_290' title='bbox 1019 3673 1100 3760; x_wconf 86' lang='lat' dir='ltr'>(etsi</span> <span class='ocrx_word' id='word_1_291' title='bbox 1122 3678 1159 3741; x_wconf 89' lang='lat' dir='ltr'>in</span> <span class='ocrx_word' id='word_1_292' title='bbox 1171 3677 1280 3743; x_wconf 73' lang='lat' dir='ltr'>mulds</span> 
     </span>
     <span class='ocr_line' id='line_1_35' title="bbox 179 3770 1279 3859; baseline 0.008 -25"><span class='ocrx_word' id='word_1_293' title='bbox 179 3771 261 3834; x_wconf 84' lang='lat' dir='ltr'>benc</span> <span class='ocrx_word' id='word_1_294' title='bbox 282 3788 358 3833; x_wconf 84' lang='lat' dir='ltr'>cum</span> <span class='ocrx_word' id='word_1_295' title='bbox 385 3770 543 3834; x_wconf 79' lang='lat' dir='ltr'>adversus</span> <span class='ocrx_word' id='word_1_296' title='bbox 564 3772 718 3850; x_wconf 91' lang='lat' dir='ltr'>Tollium,</span> <span class='ocrx_word' id='word_1_297' title='bbox 733 3775 790 3856; x_wconf 93' lang='lat' dir='ltr'>qui</span> <span class='ocrx_word' id='word_1_298' title='bbox 814 3777 848 3837; x_wconf 92' lang='lat' dir='ltr'>in</span> <span class='ocrx_word' id='word_1_299' title='bbox 869 3774 1026 3839; x_wconf 78' lang='lat' dir='ltr'>Fortuitis</span> <span class='ocrx_word' id='word_1_300' title='bbox 1049 3797 1087 3859; x_wconf 92' lang='lat' dir='ltr'>p.</span> <span class='ocrx_word' id='word_1_301' title='bbox 1103 3777 1148 3841; x_wconf 84' lang='grc'>14</span> <span class='ocrx_word' id='word_1_302' title='bbox 1170 3776 1279 3844; x_wconf 82' lang='lat' dir='ltr'>Petro·</span> 
     </span>
     <span class='ocr_line' id='line_1_36' title="bbox 178 3869 1279 3958; baseline 0.009 -24"><span class='ocrx_word' id='word_1_303' title='bbox 178 3872 269 3935; x_wconf 90' lang='lat' dir='ltr'>nium</span> <span class='ocrx_word' id='word_1_304' title='bbox 293 3889 369 3934; x_wconf 91' lang='lat' dir='ltr'>cum</span> <span class='ocrx_word' id='word_1_305' title='bbox 383 3869 523 3952; x_wconf 84' lang='lat' dir='ltr'>Virgilio</span> <span class='ocrx_word' id='word_1_306' title='bbox 548 3873 697 3951; x_wconf 89' lang='lat' dir='ltr'>contulit,</span> <span class='ocrx_word' id='word_1_307' title='bbox 717 3873 872 3939; x_wconf 74' lang='lat' dir='ltr'>defendat</span> <span class='ocrx_word' id='word_1_308' title='bbox 890 3873 1031 3958; x_wconf 84' lang='lat' dir='ltr'>Bmm),</span> <span class='ocrx_word' id='word_1_309' title='bbox 1053 3876 1129 3941; x_wconf 87' lang='lat' dir='ltr'>sive</span> <span class='ocrx_word' id='word_1_310' title='bbox 1154 3878 1186 3941; x_wconf 89' lang='lat' dir='ltr'>is</span> <span class='ocrx_word' id='word_1_311' title='bbox 1206 3897 1279 3943; x_wconf 83' lang='lat' dir='ltr'>vere</span> 
     </span>
     <span class='ocr_line' id='line_1_37' title="bbox 178 3971 1279 4056; baseline 0.007 -21"><span class='ocrx_word' id='word_1_312' title='bbox 178 3973 325 4037; x_wconf 74' lang='lat' dir='ltr'>tabidam</span> <span class='ocrx_word' id='word_1_313' title='bbox 340 3971 487 4053; x_wconf 79' lang='lat' dir='ltr'>aliquam</span> <span class='ocrx_word' id='word_1_314' title='bbox 502 3977 570 4036; x_wconf 91' lang='lat' dir='ltr'>tum</span> <span class='ocrx_word' id='word_1_315' title='bbox 585 3974 793 4055; x_wconf 83' lang='lat' dir='ltr'>superstitem</span> <span class='ocrx_word' id='word_1_316' title='bbox 812 3980 888 4039; x_wconf 81' lang='lat' dir='ltr'>aute</span> <span class='ocrx_word' id='word_1_317' title='bbox 902 3974 1018 4039; x_wconf 87' lang='lat' dir='ltr'>oculos</span> <span class='ocrx_word' id='word_1_318' title='bbox 1030 3973 1195 4056; x_wconf 79' lang='lat' dir='ltr'>babuerit,</span> <span class='ocrx_word' id='word_1_319' title='bbox 1210 3980 1279 4043; x_wconf 79' lang='lat' dir='ltr'>sive</span> 
     </span>
     <span class='ocr_line' id='line_1_38' title="bbox 179 4069 1280 4160; baseline 0.01 -25"><span class='ocrx_word' id='word_1_320' title='bbox 179 4069 300 4139; x_wconf 79' lang='lat' dir='ltr'>bubone</span> <span class='ocrx_word' id='word_1_321' title='bbox 322 4073 463 4140; x_wconf 82' lang='lat' dir='ltr'>tinxerit.</span> <span class='ocrx_word' id='word_1_322' title='bbox 515 4073 605 4138; x_wconf 79' lang='lat' dir='ltr'>Inter</span> <span class='ocrx_word' id='word_1_323' title='bbox 627 4074 709 4153; x_wconf 69' lang='lat' dir='ltr'>ulis,</span> <span class='ocrx_word' id='word_1_324' title='bbox 728 4094 804 4140; x_wconf 91' lang='lat' dir='ltr'>cum</span> <span class='ocrx_word' id='word_1_325' title='bbox 829 4075 991 4160; x_wconf 74' lang='lat' dir='ltr'>Virgilius</span> <span class='ocrx_word' id='word_1_326' title='bbox 1014 4077 1179 4145; x_wconf 72' lang='lat' dir='ltr'>intactum</span> <span class='ocrx_word' id='word_1_327' title='bbox 1207 4079 1280 4145; x_wconf 83' lang='lat' dir='ltr'>roli-</span> 
     </span>
    </p>
   </div>
   <div class='ocr_carea' id='block_1_8' title="bbox 0 0 1336 4686">
    <p class='ocr_par' dir='ltr' id='par_1_8' title="bbox 0 0 1336 4686">
     <span class='ocr_line' id='line_1_39' title="bbox 0 0 1336 4686; baseline 0 0"><span class='ocrx_word' id='word_1_328' title='bbox 0 0 1336 4686; x_wconf 95' lang='lat' dir='ltr'> </span> 
     </span>
    </p>
   </div>
  </div>
 </body>
</html>
