2664 4686
124 284 215 350 tuto
538 305 739 355 excussus
761 306 817 356 rx.

125 470 168 514 ex
184 445 323 513 adverso
333 447 451 526 fluens,
467 444 612 533 Cocytus,
628 448 685 531 qui
695 450 837 534 primum
857 451 892 513 in
910 451 1065 536 Stygiam
1077 454 1221 536 palud-

124 552 302 635 ingrossus,
314 569 406 626 mox,
420 551 479 615 ubi
493 555 571 634 post
581 551 701 614 multos
716 552 823 616 flexus
842 552 886 617 ad
898 552 1126 619 Acherusiam
1138 548 1220 640 pub·

123 653 198 718 dem
209 652 367 736 pervenit,
381 652 467 715 hanc
481 656 515 714 et
526 653 599 734 ipse
613 652 716 716 ambit
729 652 809 716 etin
823 652 1000 719 Tartarum
1012 676 1052 720 se
1075 657 1219 742 praecipi

122 761 179 822 tat.
224 754 279 818 Ita
291 751 462 818 Acherusio
486 752 588 837 polos,
600 773 700 837 quam
714 752 870 819 Acheron
881 757 971 834 facit,
985 757 1024 820 in
1041 759 1155 823 medio
1167 764 1218 838 eol,

121 858 157 922 in
170 876 269 940 quam
289 857 383 941 impii
397 856 595 932 deferuntur,
611 862 645 920 et
665 857 716 918 sic
728 875 837 938 porro.
883 857 1065 922 Notionem
1089 881 1144 924 mo
1162 878 1217 927 nte

35 1012 39 1021 .
119 960 201 1024 satis
238 959 363 1023 clarum
398 959 475 1023 talis
503 959 652 1022 locorum
679 958 762 1021 situs
794 957 927 1036 habere,
956 959 1080 1023 lubens
1112 961 1218 1027 satem.

120 1061 361 1137 Gomrnentum,
385 1080 406 1124 a
430 1060 568 1124 Socrate
589 1059 790 1141 expositum,
812 1059 856 1122 ab
881 1060 1217 1143 antiquiorihnshaol

121 1162 220 1229 dubie
240 1169 414 1245 acceptum
437 1167 524 1242 erat3
555 1180 633 1225 nam
646 1162 682 1224 in
695 1160 798 1225 initiis
818 1162 926 1224 simile
940 1161 1064 1243 dogma
1078 1183 1143 1228 seu
1155 1183 1216 1248 ruy-

118 1265 194 1330 thus
220 1265 447 1350 frequentatus
470 1283 544 1329 esse
569 1264 690 1328 debuit.
749 1263 882 1346 Nempe
904 1263 994 1346 qood
1018 1284 1147 1343 eorum,
1167 1263 1215 1349 (μ’

119 1368 237 1433 initiati
250 1387 317 1433 non
331 1374 449 1446 essent,
464 1369 584 1433 animae
610 1367 636 1428 it
659 1364 786 1452 βορβόρῳ
810 1366 917 1428 κεῖσθαι
942 1365 1036 1448 apud
1050 1366 1215 1431 Platona

119 1476 153 1535 et
166 1469 250 1534 alios
273 1469 373 1546 (cons.
390 1469 521 1550 Menag.
544 1468 588 1531 ad
610 1468 709 1549 Diog.
725 1467 835 1531 baert.
853 1483 904 1544 vt,
918 1467 976 1543 39)
997 1466 1162 1545 dicuntur,
1180 1464 1216 1531 td

119 1572 205 1637 hauc
220 1572 331 1655 ipsam
342 1569 510 1653 paludem,
532 1569 587 1632 cui
610 1568 757 1631 innatant
779 1567 911 1644 animoe,
924 1574 995 1631 erat
1015 1569 1213 1633 referendum

120 1692 142 1736 a
157 1673 345 1736 Moshemio
369 1672 410 1735 ad
433 1670 621 1736 Cudworth.
645 1691 678 1754 p.
700 1670 797 1735 loto.
842 1669 897 1732 Ex
912 1667 1101 1734 Platonicis
1115 1676 1213 1735 autern

118 1774 192 1839 istis
206 1774 377 1838 fluminum
389 1773 588 1837 anfractibus
603 1780 714 1837 natum
729 1772 868 1849 videtur,
891 1775 929 1834 ut
949 1771 1038 1835 loca·
1050 1770 1166 1848 infera,
1184 1771 1213 1835 in

117 1876 208 1958 regni
222 1880 256 1939 et
265 1876 446 1958 provinciae
460 1875 601 1938 sormam
615 1875 760 1949 redacta,
778 1873 889 1937 fluviis
904 1872 1032 1936 ambita
1045 1878 1080 1936 et
1094 1873 1213 1937 incluta

117 1995 191 2040 esse
212 1977 333 2040 vellent
354 1975 465 2059 poetae
488 1976 656 2058 pluribus3
689 1976 753 2039 etsi
776 1974 943 2038 Homerus
966 1972 1001 2035 id
1021 1992 1090 2038 non
1110 1974 1213 2039 hahet·

118 2078 159 2143 In
180 2078 284 2143 altero
306 2078 479 2141 Socratico
502 2076 646 2159 dialogo,
670 2074 838 2150 Axiocho,
864 2075 922 2158 qui
942 2073 1097 2139 AEschini
1121 2073 1212 2141 tribui

116 2181 212 2259 solet,
229 2183 291 2244 suh
306 2180 329 2243 f.
342 2179 495 2245 Plutonis
518 2197 652 2260 regnum
674 2177 806 2242 adeunti
831 2175 940 2259 primo
963 2176 1041 2241 loeo
1063 2176 1211 2261 objicitur

116 2282 238 2347 fluvius
250 2281 406 2359 Acheron,
428 2287 497 2346 tum
515 2277 658 2365 Cocytus,
673 2280 792 2363 quibus
805 2278 949 2363 trajectis
962 2276 1006 2343 ad
1021 2277 1173 2345 Minoem
1183 2282 1213 2343 et

117 2382 406 2448 Rhadamanthum
419 2384 475 2449 via
488 2384 588 2447 ducit.

159 2482 215 2547 Ad
229 2486 292 2548 hoc
307 2486 419 2567 itaque
435 2491 492 2551 aut
515 2485 621 2547 simile
643 2486 833 2568 exemplum
855 2482 969 2567 polita,
985 2485 1051 2548 etsi
1063 2484 1148 2547 alias
1159 2500 1211 2547 no·

114 2586 205 2649 mina
219 2587 262 2649 ab
277 2605 317 2648 eo
331 2592 448 2649 temere
459 2586 539 2667 poni
553 2605 619 2649 non
633 2603 759 2665 negem,
771 2586 835 2649 hac
850 2591 960 2648 tamen
972 2586 1008 2647 in
1020 2584 1210 2659 uenatione,

114 2687 149 2747 in
160 2705 227 2766 qua
237 2686 490 2766 descriptionem
505 2686 655 2761 loeourm
668 2685 747 2761 edit,
761 2686 871 2767 primo
883 2685 958 2757 loco
973 2685 1104 2750 videtur
1118 2681 1211 2748 Aclte·

115 2794 233 2847 rentem
248 2806 370 2868 ponere
391 2787 588 2864 adeundum,
610 2789 812 2852 vorticosum
830 2788 981 2864 fluvium,
1006 2789 1066 2870 qni
1086 2807 1130 2851 ex
1151 2786 1211 2851 imo

114 2886 215 2951 fundo
229 2892 354 2950 erutam
368 2894 453 2950 aestu
468 2907 529 2949 suo
550 2909 677 2948 crottum
691 2909 808 2947 onlnem
831 2885 948 2971 Cocyto
963 2897 1097 2964 eructat,
1120 2890 1168 2953 ita
1179 2890 1211 2951 ut

114 2989 148 3052 in
162 2987 325 3072 Cocytum
336 2995 483 3070 egeratur
496 2987 563 3063 illa,
577 2984 747 3049 sicheroute
761 2987 793 3048 iu
806 2985 954 3073 Cocytum
964 3009 996 3051 sc
1009 2994 1210 3053 exonerante.

113 3090 226 3155 Verbo
245 3090 377 3171 Virgilii
400 3091 545 3153 imitatur
564 3088 666 3151 Silius
686 3103 773 3164 xlss,
790 3089 865 3166 571,
886 3089 953 3153 572
975 3089 1143 3154 ‘Tristior
1162 3088 1210 3153 his

113 3191 265 3257 Acheron
280 3193 371 3255 sanic
386 3193 543 3273 nigroque
565 3209 692 3253 veneno
703 3191 838 3255 AEstuat
857 3196 890 3254 et
904 3191 1049 3273 gelidam
1063 3198 1210 3256 erucam

112 3314 189 3357 oum
202 3315 365 3357 murmure
379 3314 509 3356 arenam
525 3293 704 3356 Descendit
716 3292 735 3370 ;'
765 3292 824 3355 sed
845 3293 880 3354 in
901 3312 1032 3357 summa
1044 3294 1093 3356 rei
1107 3314 1129 3358 a
1140 3291 1210 3357 vtr-

112 3395 190 3476 gilio
205 3396 388 3458 discedens,
433 3394 527 3457 Alter
540 3396 638 3475 igitur
646 3395 769 3457 fluvius
786 3391 918 3476 Cocytus
930 3399 993 3469 est,
1010 3396 1070 3477 qui
1088 3401 1123 3460 et
1142 3395 1208 3478 ipso

112 3494 215 3558 ambit
228 3516 328 3576 regna
342 3497 465 3573 inlera3
497 3497 583 3559 uude
598 3518 671 3578 sup.
685 3497 749 3560 1:32
763 3496 804 3559 de
819 3497 912 3560 aditu
934 3495 979 3558 ad
998 3495 1106 3560 infera
1118 3497 1205 3561 loca:

113 3599 242 3657 ‘tenent
254 3597 371 3658 media’
381 3596 481 3680 (inter
492 3600 549 3660 illa
563 3604 597 3660 et
610 3599 672 3661 has
687 3619 824 3681 superas
838 3594 932 3681 oras)
947 3599 1083 3662 ‘omnia
1097 3597 1204 3682 sylva,

111 3693 321 3778 Cocytusque
334 3699 405 3760 siuu
419 3700 535 3760 lubens
558 3699 769 3762 circumvenit
789 3706 861 3763 otro
872 3698 891 3779 3’
922 3701 1020 3763 tertia
1033 3707 1068 3764 et
1082 3698 1203 3764 interior

112 3794 192 3881 Styx
206 3808 267 3873 est,
282 3799 376 3860 tarda
391 3806 424 3862 et
437 3801 551 3881 paludi
566 3801 682 3863 similis
695 3822 704 3878 3
736 3802 821 3865 uude
842 3803 971 3884 passim
992 3798 1099 3883 poleos,
1120 3799 1202 3863 tacu·

110 3899 197 3961 Vide
216 3917 264 3975 vt,
286 3900 354 3962 134.
369 3901 445 3975 atu),
471 3904 548 3965 item
572 3902 657 3979 4163
689 3905 749 3965 etsi
773 3923 887 3966 omnes
910 3903 958 3965 illi
983 3921 1109 3982 amnes,
1132 3917 1201 3987 qoo-

109 4007 202 4062 tenus
226 4002 346 4064 multos
367 4022 490 4066 errores
506 4003 641 4078 faciunt,
665 4010 697 4068 et
716 4004 751 4066 in
770 4006 882 4068 orbern
904 4024 1009 4086 regna
1028 4006 1133 4070 iniero
1149 4001 1200 4066 cir·

109 4102 300 4181 oumssuunt‚
316 4104 416 4167 etium
427 4105 586 4170 hactenus
598 4110 714 4189 stagna
727 4111 760 4170 et
772 4108 868 4172 lacus
886 4107 999 4171 tacere
1010 4107 1120 4173 videri
1131 4120 1197 4190 pot·
