2664 4686
548 346 582 397 e.
606 348 780 400 vinorum.
1122 334 1210 406 4468

93 514 97 537 2
146 502 221 552 est:
242 464 1125 576 'interpretanturSerriuaBuooliea,GeorgiuaetAEueidar
1145 496 1209 558 Do·

147 599 254 660 natus,
275 588 313 649 ad
327 588 521 669 integritatem
534 588 696 663 restitutus,
717 589 857 653 AEneidaa
877 590 991 652 Probus
1003 600 1034 650 et
1047 592 1210 653 Manolnel·

92 708 99 719 ·
148 684 202 744 lua
213 684 352 745 Baoolica
364 693 395 746 et
408 685 573 764 Georgica:
597 680 755 747 Aaueua'iua
768 686 873 749 Bucol.
887 697 917 748 et
927 689 1038 762 Georg.
1048 686 1170 749 AEneida
1179 698 1210 750 et

148 783 316 859 opuscula:
337 781 519 860 Augustinus
529 783 644 842 Datlrua
652 782 791 865 quedam
799 783 829 843 in
840 783 973 844 dineide:
987 785 1052 845 iac.
1063 784 1210 846 coartan-

92 904 101 915 ·
149 877 214 937 tiua
225 878 382 939 Phanenaia
391 877 527 956 quadani
539 879 566 937 in
576 877 750 957 Georgioiaa
764 862 918 951 'Domitios
928 879 1100 940 calderinua
1111 881 1211 960 Opun-

150 974 240 1035 cnla:
255 994 321 1036 num
332 983 444 1036 annott.
459 975 534 1034 Phil.
549 973 683 1034 Beroaldi
697 974 992 1054 etelngelil’ulitianl.
1020 976 1079 1035 llio
1089 976 1211 1038 anolo.

94 1082 111 1115 -’
146 1070 242 1132 Pierii
254 1071 399 1132 Valeriani
412 1073 534 1149 uastigg.
553 1080 584 1130 et
596 1071 749 1132 varietatoa
762 1069 1093 1150 Virgillauoeleetionit!
1130 1072 1211 1133 'l'nm

151 1168 288 1246 sequitur
299 1168 437 1229 elenchus
449 1168 659 1247 opusculorum
675 1185 759 1230 xxv.
780 1187 869 1249 quam
892 1167 1019 1229 mariana
1039 1166 1104 1229 fieri
1114 1170 1212 1248 potuit

98 1298 106 1311 ·
149 1263 302 1343 diligentia
324 1263 567 1332 emendatorum
589 1285 619 1324 n.
633 1266 738 1337 Culex,
756 1263 837 1326 Dine
845 1263 875 1324 in
886 1267 1037 1325 Bettarmn
1050 1274 1109 1325 elo.
1133 1265 1211 1326 Ultiss

149 1370 301 1434 marm'eat,
322 1362 353 1422 in
366 1361 504 1441 Priapum
522 1363 611 1422 luaua.
653 1363 721 1441 lpse
745 1369 901 1422 contextus
921 1360 951 1420 in
974 1361 1030 1421 luae
1052 1362 1211 1423 edentia

150 1457 261 1519 multat
273 1458 398 1518 minoren
410 1467 508 1537 partea
522 1457 673 1529 diaaectua,
694 1467 726 1518 et
738 1457 858 1536 ningulia
879 1457 978 1517 atatim
997 1456 1125 1535 adjectae
1145 1469 1213 1518 aunt

101 1586 111 1595 ·
148 1553 356 1615 adnotationes
371 1555 441 1614 rarii
460 1556 573 1635 generis
587 1554 741 1634 pretiique.
785 1556 898 1615 Harlea.
912 1554 1064 1633 Supplem.
1077 1554 1116 1613 ad
1131 1555 1210 1615 brev.

104 1672 108 1679 ·
149 1650 227 1712 Not.
241 1651 344 1712 litter.
357 1652 446 1712 Rom.
460 1651 494 1711 P.
510 1667 534 1712 ι.
549 1669 618 1730 pag.
632 1648 703 1711 866.
716 1669 780 1730 aeq.

105 1736 294 1827 'ss-Bologae,
327 1747 432 1808 latine
454 1755 485 1808 et
507 1747 634 1809 Gallicis
655 1746 800 1818 versibus,
830 1746 911 1826 prior
936 1746 1094 1826 interprete
1119 1745 1212 1805 Clem.

151 1842 283 1915 Maroto,
304 1863 411 1903 novem
434 1845 575 1922 proxima·
597 1843 747 1903 Richardo
769 1844 797 1902 le
818 1845 921 1914 Blanc,
943 1863 1012 1904 uum
1025 1842 1104 1902 notia
1126 1839 1214 1901 inter·

149 1937 252 2016 prelia
290 1924 417 2012 Pariaiia,
451 1938 532 2021 apud
554 1939 694 2000 emulum
718 1940 882 2019 l'Augelier.
910 1949 939 2002 8.
980 1941 1121 2002 Mailtair.
1147 1940 1212 1999 lad.

150 2052 220 2114 uu·
234 2043 304 2097 ³³1·
742 2100 748 2108 .

107 2160 150 2175 -
164 2128 317 2213 Bucolica,
331 2128 366 2191 Ρ.
377 2128 463 2190 Rand
474 2131 713 2209 praelectionibus
724 2132 869 2211 exposita.
890 2132 1014 2204 Parisiis,
1027 2130 1110 2210 apud
1119 2131 1211 2192 Andr.

106 2258 112 2273 ·
150 2225 334 2288 Weoltelum.
360 2234 389 2288 8.
411 2246 496 2304 quaa,
517 2227 560 2286 uti
584 2247 666 2306 seqq.
688 2229 823 2304 ejusdem
842 2229 872 2287 in
887 2228 1044 2305 Georgica,
1064 2229 1212 2307 uepneris

151 2320 272 2402 quidem
285 2322 315 2381 in
329 2340 432 2383 manua
444 2321 507 2382 dari
520 2323 592 2383 velit
605 2324 748 2404 lleyniua.
789 2325 916 2393 accuso
927 2333 1025 2383 tamen
1039 2324 1159 2403 amplus,
1182 2334 1213 2385 et

149 2436 170 2477 a
183 2419 231 2478 Jo.
247 2418 340 2478 Friaio
353 2427 511 2496 excerptae.
1295 2415 1297 2418 ’

107 2548 149 2558 -
163 2513 235 2574 seb.
250 2513 373 2576 cunradi
387 2515 630 2585 Commentarius,
651 2515 682 2573 in
706 2534 768 2591 quo
789 2516 822 2577 P.
842 2515 955 2593 Virgilii
968 2517 1045 2576 Mar.
1070 2517 1143 2577 liber
1156 2519 1213 2596 pri·

149 2628 216 2670 mua
229 2609 366 2671 AEneidos
380 2605 551 2688 explicatur.
591 2612 756 2683 Florentiae,
777 2610 945 2672 excudebat
962 2598 1049 2674 laur.
1061 2612 1214 2673 Torrenti-

149 2711 218 2766 nun.
238 2713 266 2767 8.
284 2694 287 2699 ’
309 2706 607 2768 Maittair.Tom.1r.
622 2727 689 2788 pag.
700 2708 771 2778 669.

112 2801 193 2864 1⁵56
207 2801 378 2883 Gryphiana
393 2816 467 2862 xta.
488 2804 598 2880 Opem,
619 2824 687 2863 oum
707 2804 912 2882 supplemento
926 2805 1057 2884 Mapboei
1071 2813 1102 2865 et
1117 2806 1214 2884 Opus-

104 2918 107 2923 ·
149 2898 236 2969 culis,
250 2898 335 2958 novit
343 2908 374 2958 et
383 2899 559 2977 argumentis
568 2909 598 2958 et
609 2899 729 2960 scholiis
742 2901 894 2971 illustrata,
906 2901 1063 2978 denuoque
1074 2903 1111 2960 ad
1123 2900 1213 2962 fidem

106 3032 110 3039 ·
137 2982 436 3073 'eadigatiaaimorum
464 2995 670 3072 exemplarium
707 3014 795 3073 quam
822 2995 1040 3072 diligentiaaime
1071 2997 1213 3055 restituta.

148 3089 300 3168 Lugduni,
319 3090 399 3169 apud
422 3090 492 3150 Seb.
517 3091 695 3169 Gryphium.
719 3097 746 3150 8.
790 3091 930 3150 lllaittair.
952 3090 1040 3149 Tum.
1067 3106 1122 3151 111.
1147 3110 1213 3171 pag.

150 3184 223 3246 684.
244 3185 319 3245 Vide
334 3187 422 3245 ruodo
435 3185 473 3245 de
487 3186 535 3245 ed.
549 3188 665 3266 Gryplr.
683 3195 771 3248 1584.

109 3316 151 3326 -
164 3282 200 3342 Ρ.
215 3282 326 3360 Virgilii
342 3284 417 3341 Mar.
439 3283 549 3360 Opera,
572 3302 628 3341 uua
649 3302 717 3341 cum
731 3280 900 3360 Opusoulia,
922 3302 988 3361 quae
1011 3282 1078 3358 ejus
1098 3280 1214 3341 nomine

151 3377 408 3450 circumferuntur,
429 3378 577 3438 omnibus.
620 3377 798 3456 Aotverpire.
829 3378 1005 3438 Excudebat
1029 3379 1119 3437 Mart.
1148 3377 1214 3437 Nu·

150 3474 220 3534 tius.
246 3485 291 3536 12.

110 3602 152 3616 υ-
166 3568 278 3649 Opera,
299 3570 415 3629 acholiia
427 3569 581 3632 illustrata.
621 3571 776 3631 Accedunt
789 3570 958 3648 christoph.
974 3569 1213 3649 llegendorphini

109 3676 117 3689 '
150 3665 356 3726 annotationes
368 3667 399 3725 in
414 3667 574 3744 Georgica.
595 3667 741 3745 Lugduni,
757 3668 836 3746 apud
851 3666 1010 3725 Antonium
1018 3665 1214 3727 vincentium.

154 3772 203 3824 12.
227 3763 304 3823 Bibl.
320 3763 436 3823 Roaver.
450 3762 484 3821 Ρ.
501 3779 540 3823 tr.
555 3782 623 3842 pag.
637 3771 706 3824 323.
721 3783 750 3821 u.
768 3770 836 3832 159.
1006 3824 1009 3831 ,
1095 3840 1097 3844 Ι

108 3860 152 3907 ’-
164 3857 337 3918 Fabriciana
352 3874 377 3917 a.
399 3856 558 3938 lipsiensis
576 3858 697 3937 repetita
719 3856 811 3916 fertur
831 3857 1008 3935 quibusdam
1031 3858 1061 3918 lu.
1075 3877 1123 3917 an.
1148 3856 1214 3934 {ip

153 3952 214 4013 aia.
236 3960 265 4014 8.

111 4080 153 4096 -
166 4046 318 4110 Bucolica.
339 4050 488 4128 Lugduni,
507 4051 588 4133 apud
602 4049 808 4114 Theobaldum
819 4050 978 4130 Paganum.
1001 4056 1029 4111 8.
1072 4047 1213 4111 Maittair.

152 4146 242 4209 Tum.
258 4162 311 4207 ιιι.
327 4164 391 4225 pag.
403 4143 472 4210 685.
