2664 4686
490 298 689 353 nxonnsus
710 284 841 365 vuit!-

386 591 760 701 nucuusos
800 594 933 703 vrri:

106 760 253 828 necros
269 775 389 829 cmssr
406 780 628 834 scurvouuu
644 783 766 837 rossus
782 784 980 849 rsrnsmu,
1005 787 1055 838 ur
1072 786 1196 841 vrcror

471 880 655 935 sumocnr
672 883 842 936 unumne.

150 1056 229 1122 AEu.
247 1072 288 1135 ιι,
308 1057 388 1135 274.
403 1059 436 1124 5.
460 1056 554 1124 ‘Hei
575 1061 669 1140 milri,
692 1062 802 1146 qualis
815 1064 904 1129 erat!
925 1070 1090 1147 quantum
1103 1071 1200 1131 muta·

105 1163 161 1223 tus
182 1162 226 1226 ab
250 1161 308 1226 illo
325 1160 484 1242 Hectore,
506 1165 565 1247 qui
577 1163 664 1229 redit
676 1165 818 1230 exuvias
835 1165 970 1229 indutus
983 1163 1125 1245 Achilli,
1145 1165 1201 1233 Ἠ

107 1259 262 1326 Danaum
287 1261 450 1347 Phrygios
470 1264 638 1347 jaculatus
661 1265 835 1348 puppibus
858 1266 951 1347 ignes
959 1263 979 1328 t
1013 1264 1202 1347 Hectom,

107 1365 218 1447 qualis
231 1366 333 1448 paulo
348 1373 422 1431 ante
436 1386 504 1432 vss.
518 1367 594 1433 272.
609 1368 632 1432 3
646 1367 902 1445 describebatur,
917 1368 1111 1453 ‘Raptatus
1123 1372 1203 1456 big'n

105 1471 144 1529 ut
168 1467 347 1550 quondam,
368 1473 502 1551 aterque
527 1472 662 1533 cruento
686 1467 839 1546 Pulvere,
868 1487 991 1553 perque
1016 1470 1124 1553 pedes
1145 1479 1204 1538 tre·

102 1565 214 1651 jactus
227 1569 300 1634 lora
314 1571 497 1647 tumentes:
518 1570 706 1635 videramus
714 1570 785 1653 jam
796 1569 881 1634 libro
896 1587 922 1650 1,
941 1571 1019 1636 487.
1034 1573 1095 1636 ubi
1120 1572 1202 1639 ‘Ter

106 1671 231 1735 cinerum
253 1672 377 1736 Iliacos
389 1678 576 1755 raptaverat
590 1671 741 1735 Hectore
753 1671 874 1736 muros’
894 1670 1064 1738 Achillest
1087 1673 1203 1759 dequo

107 1786 141 1833 v.
159 1769 300 1836 Excurs.
317 1785 422 1835 xvnr
435 1773 478 1837 ad
492 1794 523 1837 e.
538 1774 562 1838 l.
608 1771 735 1838 Hector
749 1774 883 1838 omnino
895 1773 1052 1857 frequens
1066 1794 1205 1857 gemma-

107 1890 180 1936 rum
194 1871 448 1936 Homericamm
462 1881 697 1956 argumentum,
718 1895 783 1939 non
805 1895 872 1940 uno
893 1877 1009 1940 habitu
1035 1895 1078 1941 ac
1103 1883 1204 1959 stato3

109 1975 198 2058 quod
211 1980 320 2039 tamen
330 1976 406 2058 ipsa
419 1994 471 2039 res
485 1977 571 2041 intra
584 1977 712 2042 Iliados
724 1975 808 2041 fines
817 1979 979 2058 continet;
1001 1998 1079 2043 curu
1090 1980 1204 2045 multas

107 2075 193 2141 alias
222 2097 369 2160 gemmas
397 2099 416 2142 c
444 2079 581 2162 cyclicis
609 2079 719 2161 politis
748 2080 961 2144 adumbratas
988 2099 1067 2145 esse
1095 2088 1204 2165 putare

108 2178 242 2262 p'ossis3
262 2180 328 2245 nisi
341 2181 453 2265 potius
472 2178 648 2243 dicendum
661 2186 724 2256 est,
748 2178 888 2244 artifices
902 2180 1056 2261 vulgares
1070 2182 1204 2261 libellos,

110 2279 168 2362 qui
182 2278 313 2345 fabulas
327 2283 561 2362 exposuerant,
586 2285 718 2343 secutos
740 2299 833 2357 esse3
861 2280 925 2342 nisi
949 2277 1035 2343 sorte
1053 2284 1206 2350 etiamiis

109 2378 245 2463 Tragici
266 2388 457 2465 argumenta
476 2399 612 2462 operum
632 2379 804 2461 praecipuo
826 2380 902 2444 loco
915 2383 1151 2464 suppeditasse
1164 2387 1206 2450 (fi.

38 2502 43 2523 ¹
110 2483 206 2547 cendi
235 2490 327 2548 sunt:
367 2488 466 2566 atque
488 2481 552 2544 hoc
575 2478 738 2560 exemplis
764 2478 965 2544 declaratum
989 2481 1062 2545 dari
1084 2480 1206 2569 possin

110 2585 376 2650 commemorabo
398 2587 522 2646 tantum
545 2579 766 2663 Amphionem
790 2586 823 2644 et
842 2579 982 2645 Zethum
1011 2603 1089 2648 cum
1114 2587 1207 2653 Dirce

112 2697 206 2751 tauro
220 2687 367 2767 illigata:
390 2688 614 2765 argumentum
638 2701 682 2746 ex
705 2681 863 2764 Euripide
882 2682 1114 2750 adumbratum
1126 2688 1208 2774 (An-

110 2788 232 2870 tiquar.
247 2783 422 2851 Auffaue:
446 2783 488 2849 Ρ.
506 2779 574 2867 ru).
598 2783 796 2849 Homericus
808 2788 917 2847 tamen
931 2785 1065 2851 fabulas
1080 2808 1125 2854 ex
1138 2793 1208 2876 ipsa

111 2887 219 2953 Iliade
232 2896 266 2953 et
279 2886 434 2971 Odyssea
447 2885 569 2969 petitas
583 2891 618 2948 et
631 2884 842 2948 adumbratas
856 2903 931 2948 esse
945 2888 1157 2968 probabilius
1164 2892 1207 2956 lit

112 2990 167 3057 Ex
189 2992 233 3057 iis
257 2990 386 3057 Hector
407 2988 559 3072 frequens
582 2990 817 3069 argumentum,
840 2992 878 3049 ut
901 2986 984 3064 dixi,
1008 2991 1208 3077 quandoqui-

111 3095 188 3160 dem
203 3095 335 3179 species
360 3094 431 3178 ejus
454 3091 521 3155 oris
543 3096 577 3153 et
598 3088 731 3152 babitus
746 3088 789 3150 ab
804 3093 872 3151 arte
886 3089 933 3152 ita
946 3096 997 3153 est
1013 3093 1208 3158 constitutus

110 3204 147 3262 ut
160 3199 284 3282 ubique
298 3197 350 3261 sui
364 3195 481 3260 similis
496 3193 552 3271 sit,
580 3197 613 3254 et
635 3191 701 3254 sibi
721 3195 868 3269 constet;
890 3196 942 3253 est
955 3191 1081 3275 ubique
1093 3195 1208 3260 barba·

111 3305 165 3364 tus
188 3305 221 3362 et
244 3297 353 3380 capite
367 3296 513 3378 galeato:
536 3294 578 3372 is,
599 3292 744 3375 iuquam,
774 3290 874 3354 modo
888 3310 965 3354 eum
979 3288 1208 3360 Andromache

111 3408 144 3465 et
158 3398 373 3482 Astymracte,
397 3395 552 3473 occurrit,
575 3392 676 3457 modo
701 3391 809 3456 lacem
832 3391 983 3473 injiciens
1007 3395 1098 3471 navi,
1119 3396 1208 3481 cujus

110 3500 239 3585 puppis
254 3497 409 3583 apposita
422 3502 489 3560 est:
512 3496 607 3579 cujus
625 3493 804 3576 argumenti
829 3510 992 3574 gemmam
1011 3493 1152 3560 militem
1163 3495 1208 3558 iu·

110 3597 299 3665 cendiorium
314 3598 468 3664 exhibere
483 3597 615 3661 dixerat
628 3592 751 3659 Gorius
766 3591 876 3676 (Mus.
892 3592 981 3657 Flor.
996 3593 1061 3659 To.
1075 3613 1118 3675 rr,
1141 3597 1207 3663 tab.

110 3703 166 3782 60,
191 3695 240 3783 2).
283 3697 330 3764 At
352 3703 445 3764 extat
464 3698 532 3762 alia
551 3715 664 3761 verum
681 3693 863 3785 Hectorem
877 3713 1075 3778 expressum
1087 3696 1208 3763 habeus

110 3803 219 3889 puppi
232 3801 330 3868 navis
344 3800 520 3885 apposita:
543 3798 632 3884 apud
656 3795 774 3861 Frauc.
797 3794 946 3861 Pallemi
964 3796 1120 3882 (Borioni
1133 3796 1209 3864 Col·

109 3907 229 3972 lecton.
245 3911 269 3970 t.
284 3904 339 3970 56.
362 3901 462 3966 etiam
484 3902 519 3965 in
542 3899 691 3984 lipperti
705 3897 909 3980 Dactylioth.
930 3896 1020 3963 Mill.
1035 3916 1078 3978 ιι,
1105 3900 1138 3979 2,
1159 3896 1207 3983 ot

114 4009 154 4074 Ei
170 4009 345 4093 respondet
359 4005 453 4089 Ajax
473 4005 515 4068 do
539 4007 646 4089 puppi
667 4022 816 4089 pugnans
828 4004 862 4066 in
878 4004 946 4068 alia
958 4024 1100 4087 gemma.
1143 4003 1209 4069 Ve-

113 4129 184 4177 rum
208 4116 298 4198 prior
320 4110 379 4179 illa
400 4109 499 4194 plane
522 4107 674 4175 convenit
686 4106 795 4173 versui
809 4103 1015 4189 virgiliano:
1039 4104 1210 4175 ‘Vellla-
