2664 4686
184 254 275 337 li&
621 284 822 336 excussus
843 286 879 335 v.

185 450 315 524 sunan,
337 440 526 528 seupotius
549 440 761 527 aGalydnis,
783 460 859 506 erun
882 439 1105 525 lsycophrone
1138 443 1166 508 l.
1191 463 1225 510 c.
1250 447 1301 529 (sd

192 569 291 633 quem
304 549 371 614 loc.
384 565 419 613 v.
435 541 573 630 schol),
594 564 672 628 quae
687 542 763 609 duae
777 549 854 607 sunt
868 542 987 607 imulas
998 543 1105 628 juxta
1116 542 1298 614 Tenedum.

190 650 295 735 Apud
309 649 488 734 Virgilium
505 650 549 713 ab
563 649 642 732 ipsa
656 645 792 711 Tenedo
805 646 976 730 prodeunt,
996 648 1033 710 in
1045 646 1296 733 qnoHyginnm

189 750 292 815 habet
313 751 586 816 consentientem.
787 796 791 801 -

234 852 453 919 Immoramur
466 853 518 917 his
532 872 593 936 per
606 870 642 915 se
655 850 785 915 levibus
799 869 851 928 eo,
873 850 965 934 quod
986 850 1043 915 vel
1063 870 1111 916 ex
1131 851 1188 918 lris
1207 855 1292 921 intel

188 955 314 1038 ligitur,
336 955 429 1020 varie
452 955 533 1018 olim
556 953 644 1016 hanc
663 950 811 1015 fabulam
835 971 857 1015 a
879 952 1032 1035 pluribus
1056 952 1175 1036 politis
1197 956 1327 1031 inisse.

190 1063 375 1124 mactatam.
420 1054 488 1119 Sed
511 1054 647 1118 liberior
665 1054 762 1116 nobis
777 1052 1008 1137 progrediendi
1021 1053 1121 1118 locus
1134 1055 1288 1134 damnet

188 1178 367 1247 possumus
381 1159 481 1222 etiam
497 1157 676 1239 scriptores
690 1155 825 1237 laudare
838 1154 984 1238 Virgilio
998 1158 1219 1241 antiquiores,
1240 1159 1286 1244 qni

190 1263 232 1326 de
247 1261 439 1327 Laocoonte
461 1260 595 1341 egerint.
640 1255 881 1322 Nonnullorum
905 1257 1041 1341 quidem
1064 1261 1206 1325 nomina
1226 1261 1284 1345 jan

191 1369 267 1427 ante
283 1364 511 1446 ascripsimus.
557 1358 631 1422 Etsi
659 1355 869 1435 Thessandrus
886 1360 1031 1442 quidem,
1053 1361 1158 1426 modo
1179 1376 1202 1426 e
1224 1362 1283 1426 Ser·

190 1465 249 1529 vio
269 1471 481 1540 memoratus,
505 1461 645 1526 excitari
660 1479 682 1523 a
696 1461 797 1525 nobis
809 1480 876 1525 non
890 1466 1021 1544 potest3
1042 1481 1122 1526 narn
1136 1463 1169 1527 is
1183 1459 1283 1526 Pisas·

191 1564 266 1630 drus
280 1587 355 1631 osse
370 1567 507 1643 videtur,
531 1581 629 1647 quem
643 1581 746 1645 supra
759 1561 803 1625 ad
816 1561 934 1626 horum
949 1562 1113 1628 Excurm.
1128 1565 1280 1648 principp.
1324 1600 1327 1623 .

116 1726 119 1731 ,
191 1668 236 1732 ad
260 1672 400 1733 seriores
434 1673 585 1733 auctores
618 1665 851 1749 relegavimus,
888 1669 1040 1748 corrupte
1067 1665 1126 1728 illc
1147 1670 1183 1730 et
1216 1666 1282 1730 sliu
1325 1668 1327 1721 ἱ

192 1765 363 1846 liscadius
376 1775 529 1833 vocatus.
568 1765 662 1829 Alter
676 1769 785 1829 autem
799 1767 950 1849 scriptor,
964 1786 986 1829 a
1000 1765 1121 1832 Servio
1133 1767 1281 1845 laudatus,

192 1865 396 1953 lysimachus
406 1867 651 1933 Alexandrinus
667 1869 740 1934 sina
760 1868 862 1933 dubio
875 1869 949 1947 fuit,
970 1888 1035 1933 non
1047 1870 1206 1950 ignobilis
1219 1869 1281 1935 olim

190 1975 305 2036 auctor
320 1971 380 2057 περὶ
403 1968 533 2048 Νόστων,
557 1989 656 2053 quem
672 1990 748 2034 cum
761 1971 838 2035 aliis
852 1971 968 2034 similis
982 1971 1171 2052 argumenti
1196 1971 1281 2053 scrip

190 2073 317 2137 toribus
331 2073 498 2137 laudatum
511 2072 607 2135 vides
620 2074 654 2135 in
671 2071 785 2137 Schol.
797 2068 952 2155 Apollon.
971 2089 997 2149 r,
1019 2071 1086 2136 558
1107 2077 1141 2135 et
1154 2073 1282 2156 partiou-

189 2173 256 2238 lam
271 2193 314 2238 ex
337 2175 444 2257 primo
467 2173 540 2256 ejus
565 2172 652 2236 libro
675 2173 710 2236 in
728 2173 852 2236 Tzetna
877 2172 921 2237 ed
938 2171 1105 2256 Lycophr.
1120 2172 1200 2238 874.
1242 2169 1282 2235 Cf.
1325 2158 1327 2185 ²

189 2275 292 2339 Voss.
309 2275 351 2340 de
368 2274 461 2340 Hist.
476 2272 536 2337 Gr.
551 2272 611 2336 lib.
629 2286 687 2347 111,
700 2292 736 2354 p.
751 2273 817 2336 180
828 2293 860 2336 a.
904 2271 1022 2353 Attigit
1036 2273 1137 2335 etiam
1149 2272 1283 2336 Man

192 2371 378 2458 Lycophron
402 2375 516 2456 poeta,
539 2373 598 2456 qui
617 2376 651 2435 et
664 2372 739 2455 ipse
763 2369 978 2436 Alexandriae
1000 2371 1100 2449 vixit,
1123 2371 1285 2439 Ptolemae

191 2465 402 2560 Philadelphi
426 2480 536 2550 astate,
569 2475 605 2536 in
633 2473 825 2536 Cassandra
846 2493 880 2535 v.
909 2474 985 2539 347.
1039 2471 1142 2537 Alius
1165 2474 1230 2540 tuit
1253 2493 1286 2540 ex

190 2577 305 2642 schola
319 2573 558 2652 Alexandrina,
582 2575 640 2657 qni
662 2574 809 2637 fabulam
832 2573 875 2638 de
898 2573 1167 2641 laocoontenon
1193 2576 1287 2662 attigit

191 2684 327 2753 tantum,
352 2674 412 2737 sed
423 2675 650 2757 pertractavit,
673 2680 705 2737 et
728 2676 784 2738 ille
805 2675 938 2757 quidem
962 2674 1064 2760 poeta
1083 2678 1167 2742 olim
1182 2680 1287 2745 claris

193 2779 309 2854 simus,
334 2771 533 2858 Euphorion.
579 2775 633 2838 Ex
648 2795 689 2839 eo
703 2775 826 2840 fabulae
841 2783 1030 2842 ornamenta
1042 2779 1203 2844 nonnulla
1217 2779 1289 2846 satis

191 2880 360 2946 recondita
374 2885 485 2943 namot
508 2878 552 2942 ad
576 2878 610 2943 h.
634 2879 657 2943 l.
683 2899 717 2943 v.
741 2879 806 2943 201
833 2878 978 2957 Servius,
999 2884 1033 2944 et
1057 2900 1103 2945 ex
1126 2900 1180 2960 eo,
1204 2888 1288 2968 puto,

190 2988 343 3066 conupte
358 2988 479 3058 tamen,
502 2980 664 3065 Pompon.
691 2980 773 3044 Sab.
818 2978 963 3045 Omnino
982 2981 1116 3064 quidem
1136 2983 1290 3071 Euphori-

189 3103 285 3151 onem
300 3085 432 3150 fabnlas
441 3084 607 3170 Trojanas
619 3103 681 3148 suo
695 3102 787 3146 more
798 3087 957 3146 tractasse
967 3086 1000 3145 et
1012 3100 1179 3163 narrasse,
1194 3105 1240 3151 ex
1252 3087 1290 3152 iis

187 3191 289 3271 patet,
312 3206 482 3271 quaecum
502 3185 543 3249 de
568 3185 728 3262 Laodice,
752 3183 880 3248 Priami
903 3183 984 3261 filia,
1007 3184 1141 3249 diverse
1163 3187 1209 3251 ab
1225 3186 1290 3252 He

187 3309 278 3353 mero
291 3294 325 3352 et
340 3288 487 3352 lescheo
502 3288 554 3351 σὺν
568 3288 650 3350 οὐδενὶ
676 3285 772 3362 εἰκότι,
795 3305 945 3351 narrasse
971 3286 1161 3353 Pausanias
1187 3290 1292 3374 prodit

187 3390 248 3454 lib.
266 3407 307 3468 x,
330 3390 374 3455 26
389 3411 424 3473 p.
440 3390 516 3456 864.
563 3391 677 3456 Potuit
697 3396 805 3454 autem
828 3389 870 3453 de
895 3388 1084 3453 laocoonte
1105 3395 1205 3473 agere
1230 3391 1291 3456 En·

189 3491 342 3573 phorion,
367 3492 517 3574 inopere
533 3487 901 3570 (Modorlevel‘hraxra
919 3492 1112 3575 inscriptum
1133 3495 1220 3571 erat)
1231 3512 1291 3578 quo

188 3592 366 3658 reconditae
381 3600 416 3657 et
432 3595 583 3660 obscurae
604 3615 648 3660 ex
661 3599 732 3659 tota
754 3593 894 3657 fabulari
917 3592 1055 3658 historia
1069 3591 1211 3672 fabule,
1232 3612 1291 3660 non

188 3713 285 3758 secus
300 3701 398 3779 atque
414 3716 436 3759 a
451 3694 657 3761 Callimacho
671 3698 704 3760 in
724 3693 829 3769 Αἰτίοις
844 3701 878 3759 et
897 3715 919 3758 a
933 3694 1152 3778 Lycophrona
1165 3697 1200 3761 in
1214 3694 1292 3762 Cas·

187 3797 317 3876 sendra,
334 3805 423 3863 erant
437 3802 615 3884 expositae.
653 3797 698 3864 V.
713 3819 788 3882 sup.
803 3798 846 3861 ad
861 3797 934 3861 Ecl.
957 3813 1009 3873 vr,
1024 3797 1079 3862 72.
1123 3795 1169 3861 In
1183 3800 1291 3883 quinto

187 3901 284 3978 libro,
308 3901 365 3984 qui
382 3899 507 3965 Chilias
522 3902 699 3984 inscriptus
713 3904 794 3978 erat,
816 3900 930 3984 prisca
944 3899 1093 3977 oracula,
1115 3916 1292 3984 eorumque

186 4009 333 4079 eventus,
358 4003 547 4083 collegerat,
584 4001 733 4086 adeoque
760 4007 793 4065 et
822 4021 863 4066 ea
885 4021 962 4085 quae
986 3999 1158 4066 excidium
1181 4000 1292 4086 Trojae

188 4108 433 4170 antecesserant
453 4122 635 4169 memorare
651 4103 782 4171 debuit:
804 4110 842 4170 ut
860 4104 933 4190 jam
955 4123 1029 4188 sup.
1074 4100 1163 4170 Exc.
1189 4120 1202 4168 ι
1224 4122 1294 4169 mo·

189 4202 290 4268 nitum
304 4211 366 4268 est.
