2692 4974
425 330 478 379 hu
497 326 672 379 ssalvos
698 329 771 378 ΗΒ.
799 330 839 377 ll.
1040 276 1185 423 'w

99 473 203 559 ιιμῆδιι
229 473 264 536 vd
293 466 466 535 namatio
493 466 634 552 δκκομῖζει
660 472 692 532 ἐκ
717 474 767 546 τῆς
788 469 887 534 Ἰλίου.
930 470 1093 557 Virgilius
1115 494 1186 540 rem

99 583 197 644 utum
212 575 335 657 attigit,
352 574 401 638 ita
422 579 460 638 ut
480 591 542 636 nec
568 577 740 656 appareat,
765 591 863 657 quem
888 572 1097 656 expluribus
1110 593 1186 640 nar*

99 677 168 746 iudi
180 675 295 742 modis
308 680 446 740 secutus
459 674 519 739 ille
533 674 577 738 sit
588 694 598 754 ;
620 673 769 739 videntur
783 693 828 738 ex
842 675 915 759 ojus
928 681 1035 739 mente
1049 680 1186 759 uterque

99 780 232 864 molum
250 774 415 844 Minervae
441 794 517 840 esse
535 777 701 858 ingressus
722 781 914 860 otuterque
932 777 1085 841 manibus
1108 796 1187 842 oon·

112 979 332 1057 Nobilitayit,
347 983 384 1043 ut
405 977 490 1057 dixi,
509 978 657 1044 fabulam
672 996 739 1055 ors,
755 998 830 1044 cum
845 978 920 1043 aliis
934 980 1102 1063 opeiibus,
1115 986 1186 1046 tum

99 1082 220 1149 Ιῐὶιιιο
234 1080 384 1165 gemmis.
429 1079 612 1145 Praeiverat
627 1079 786 1164 Pytheos,
810 1079 960 1157 coelator,
975 1079 1089 1145 Plinio
1106 1100 1184 1147 auc-

99 1184 156 1263 no,
177 1183 240 1248 hb.
267 1195 419 1258 xxxin,
442 1182 496 1245 ὥ.
523 1180 648 1263 ‘cujus
674 1180 763 1245 binae
786 1180 895 1246 nnciae
925 1195 966 1244 x.
995 1182 1186 1250 venierunt:

99 1283 223 1370 llyssos
236 1289 272 1348 et
287 1276 471 1348 Diomedes
484 1287 576 1347 erant
590 1284 625 1347 in
638 1282 761 1366 phialae
776 1281 983 1359 emblemate,
999 1281 1187 1350 Palladium

99 1381 308 1469 'linientes'
352 1381 438 1446 Sunt
452 1383 653 1467 anaglypha,
667 1383 767 1468 hujus
780 1385 973 1465 asgumenti,
988 1383 1187 1453 obscurioris
1292 1399 1295 1405 “

99 1502 186 1551 meu
212 1484 325 1561 nme,
353 1485 453 1547 utin
480 1482 697 1567 Sarcophago
722 1482 812 1566 apud
851 1481 993 1547 Gorium
1031 1482 1187 1569 Inscript.

99 1583 209 1653 ieme.
224 1583 288 1649 To.
306 1601 349 1647 111
368 1584 437 1648 tab.
452 1584 507 1650 39.
544 1589 578 1648 et
597 1584 687 1668 apud
698 1583 906 1648 ·Buonamoti
936 1582 1189 1668 (Osservaaioni

99 1685 234 1750 doliche
247 1703 349 1769 sopra
361 1685 473 1753 alcuni
500 1683 706 1765 Medoglioni
719 1683 863 1748 antichi:
899 1684 935 1747 in
952 1683 1049 1747 titulo
1064 1687 1189 1768 opeiis)
1210 1718 1211 1721 ι

99 1783 306 1870 uiUlyssem
321 1804 397 1849 cum
423 1783 568 1849 Alcinoo
584 1784 732 1848 exliberi
754 1783 904 1866 putabat,
925 1787 1052 1847 astante
1077 1783 1190 1850 Diana

99 1904 155 1951 um
167 1884 334 1950 antchona:
357 1885 583 1968 probabiliora
596 1883 702 1961 dicas,
718 1883 748 1947 si
762 1883 917 1967 Ulyssem
932 1903 1008 1948 cum
1023 1883 1189 1952 Diomede

99 2004 119 2050 o
136 1990 238 2069 raptu
262 1984 409 2049 Palladii
434 1985 672 2050 consultantem
689 1984 838 2049 exhiberi
853 1984 995 2066 dixeris3
1016 1987 1113 2050 navis
1128 1990 1189 2073 a'p-

99 2086 191 2151 osita
215 2086 384 2171 Ulyssem,
410 2093 504 2171 puto,
528 2085 675 2151 declarat
695 2106 739 2151 ex
759 2085 897 2151 artificis
920 2091 1048 2166 mente3
1080 2093 1191 2152 statua

99 2191 190 2251 utem
216 2188 401 2253 columellae
420 2189 579 2271 imposita
601 2188 633 2251 ei
656 2188 776 2251 similis
792 2205 869 2267 quae
891 2185 927 2249 in
941 2187 1078 2265 gemmis
1092 2188 1191 2272 hujus
1315 2243 1318 2247 .

99 2288 268 2369 rgumenti
292 2287 446 2364 occurn't,
473 2306 591 2368 parum
617 2306 695 2349 cum
720 2285 785 2347 fide
804 2283 935 2347 reddita
957 2303 1031 2348 esse
1048 2284 1190 2352 videtur.

99 2385 117 2451 li
131 2385 252 2451 Diana
273 2391 336 2462 est,
358 2385 544 2452 columellae
559 2385 728 2460 insistens,
749 2384 865 2447 saltem
884 2403 999 2447 arcum
1018 2390 1126 2450 tenere
1140 2389 1191 2452 vi·

99 2486 151 2552 esi
165 2484 279 2549 debet.
323 2483 517 2549 Nobiliores
541 2489 618 2549 sunt
639 2503 798 2566 gemmae,
830 2483 919 2561 aliae,
935 2503 1010 2567 quae
1024 2489 1128 2551 totam
1142 2487 1193 2553 fa·

99 2587 208 2665 ulum,
223 2583 423 2650 Diomedem
436 2589 472 2649 et
495 2582 654 2668 Ulyssem
668 2588 743 2648 ante
757 2585 874 2667 templi
892 2584 980 2649 fores
997 2586 1081 2650 inter
1094 2606 1130 2652 se
1144 2589 1193 2654 al·

99 2694 244 2754 mles
261 2686 305 2751 do
331 2684 498 2763 Palladio,
521 2684 613 2770 quod
633 2685 698 2751 iste
719 2703 818 2750 manu
842 2690 942 2764 tenet,
961 2686 1137 2754 exhibent:
1159 2693 1194 2756 in

99 2806 149 2873 yso
169 2806 291 2872 genere
312 2788 468 2870 princeps
491 2791 541 2850 est
564 2786 740 2872 Sasdonyx
764 2807 849 2852 nunc
873 2790 909 2852 in
936 2777 1194 2874 Dactyliotheca

99 2888 192 2987 locis
218 2887 472 2975 Marlbuyiensis
495 2893 656 2966 servatus,
681 2890 791 2954 verbis
826 2891 1015 2974 insculptis,
1040 2899 1194 2980 Καλπουρ-

99 3015 138 3057 m
152 2994 280 3076 Σευηρου
295 2995 329 3055 et
340 2991 376 3054 in
392 3009 451 3054 ara
475 2991 570 3067 Φηλιξ
583 3012 683 3056 moaci:
711 2991 907 3068 (delineatus
922 2992 979 3056 ille
990 2993 1037 3060 ‚in
1051 2995 1195 3078 splendi-

99 3095 225 3163 baino
239 3111 357 3178 opere:
393 3091 545 3159 Gemmae
561 3095 706 3177 entiquoe
727 3094 835 3158 Ducis
850 3093 1101 3161 Marlhuriensls
1128 3097 1194 3164 To.

112 3197 185 3263 ub.
205 3196 261 3262 39.
276 3195 401 3279 majore
416 3215 492 3261 cum
505 3194 571 3259 fide
586 3215 687 3280 quam
703 3197 738 3261 in
753 3196 952 3261 Stoschiano
966 3216 1065 3281 opere
1093 3197 1196 3264 Gem-

99 3314 212 3363 unum
226 3296 426 3361 coelatarum
439 3297 505 3361 tab.
520 3297 566 3361 35
592 3302 650 3360 aut
672 3317 694 3362 a
714 3297 856 3363 Braccio
870 3299 938 3362 tab.
952 3296 1023 3383 75).
1068 3298 1196 3366 Similis

99 3396 152 3469 lis
173 3402 228 3462 est
252 3396 286 3461 iu
308 3396 430 3462 Museo
455 3397 600 3463 Florent.
623 3417 664 3480 ιι,
679 3399 734 3478 28,
750 3400 783 3466 1.
828 3398 918 3465 Aliae
934 3420 1072 3485 gemmae
1096 3402 1197 3469 modo

99 3496 289 3565 Diomedem
313 3499 431 3577 solum,
449 3498 551 3563 modo
576 3499 732 3584 Ulyssem
759 3502 925 3582 exhibent,
947 3501 1064 3567 eodem
1086 3508 1198 3570 tamen

99 3598 200 3666 »bitu
213 3618 257 3664 ao
280 3605 386 3682 gestu,
402 3618 443 3664 ac
470 3601 500 3664 si
522 3600 604 3665 alter
625 3607 760 3680 astaret,
783 3621 859 3666 cum
874 3622 941 3685 quo
956 3605 1120 3670 contentio
1135 3610 1200 3669 est.

99 3694 288 3765 Diomedem
301 3701 412 3765 solum
431 3700 619 3766 Palladium
640 3721 740 3773 manu
762 3707 921 3768 tenentem
935 3709 968 3768 et
982 3702 1024 3767 de
1039 3723 1097 3770 aro
1110 3704 1198 3769 desi-

99 3799 219 3867 houtem
240 3801 385 3867 reddunt
407 3823 547 3886 gemmae
571 3806 716 3869 omnium
738 3805 965 3885 nobilissimae,
991 3805 1199 3871 Dioscoridis

99 3898 202 3983 flora,
223 3903 331 3970 ultera
353 3904 485 3969 Solonis
507 3907 637 3970 nomine
657 3907 838 3990 insignitae:
872 3909 930 3973 illa
943 3910 978 3973 in
993 3928 1076 3991 gesa
1092 3906 1199 3970 Ducis

99 3996 331 4084 Devonieusis,
342 4005 416 4071 baec
429 4006 465 4069 in
479 4005 578 4074 domo
594 4006 815 4073 Suousiomm
829 4015 1013 4075 asservata.
1058 4006 1198 4071 Succes-

99 4119 162 4173 tcse
174 4105 343 4174 artificum
357 4107 581 4175 aemulantium
603 4110 794 4192 certamina,
810 4111 960 4195 inprimis
973 4112 1007 4175 in
1022 4106 1198 4187 Diomede,
