2664 4686
417 97 467 177 sn
497 123 671 177 assinos
697 124 771 177 um.
795 126 821 175 1.
1068 106 1172 183 ‘aum

16 360 20 365 η
60 274 250 357 cervixque
263 286 436 356 comaeqne
459 274 629 338 trahuntur
648 273 714 338 Per
735 279 866 352 terram,
888 277 923 338 at
943 292 1038 339 versa
1061 276 1172 359 pulvis

61 376 257 439 inscribitur
283 371 403 437 hasta?
445 373 578 440 'lhoilus
608 374 733 439 Priami
759 371 1170 461 f.(aliisAp011inis.,cf.

64 475 150 541 Not.
167 477 211 540 ad
227 473 385 560 Apollod.
398 498 434 561 p.
448 474 531 560 762)
552 477 730 543 admodum
744 498 837 562 puer,
859 477 892 543 h.
908 497 938 542 e.
954 477 987 541 in
1001 480 1108 561 primu
1116 480 1173 563 ju·

64 583 166 641 venta
179 578 379 642 constitutus
389 578 417 663 (‘
427 578 595 661 impubem
610 579 758 643 'lhoilon'
770 579 891 644 Horat.
904 579 991 643 dixit
1006 596 1046 656 ιι,
1061 581 1172 657 9,15:

65 676 488 760 ‘nimiumcitnCongrcsse
497 678 1173 763 Achilli'lhoile’Senec·Agam.7‹l7.748)
1241 658 1272 692 ‘⁰

64 780 109 843 ab
122 778 255 843 Achille
269 781 390 844 victus.
424 779 564 845 Factum
574 782 648 865 jam
662 789 737 847 ante
749 782 867 847 Iliadis
882 790 1041 869 tempora.
1079 784 1171 850 Nam

63 881 151 944 hhro
164 881 281 944 ultimo
294 882 384 946 inter
394 883 526 947 occisos
548 883 592 946 ab
606 881 737 947 Achille
759 883 845 947 filios
871 884 1025 949 Priamus
1050 882 1171 970 Τρῶῑλον

63 982 260 1068 ἔπιοχάρμην
284 990 453 1062 memorat,
475 984 572 1049 Iliad.
595 992 638 1064 Ω,
661 986 737 1051 257.
783 985 936 1050 Meminit
949 988 1049 1050 etiam
1064 985 1176 1065 Quin·-

63 1082 441 1168 tusParalip.1v‚155.
463 1086 530 1149 419
553 1105 627 1169 sqq.
648 1087 730 1150 inter
754 1087 962 1168 superiorum
983 1093 1171 1170 temporum

62 1203 118 1248 res
132 1186 177 1249 ab
192 1186 323 1251 Achille
337 1191 466 1268 gestus3
488 1196 522 1252 et
535 1188 570 1251 in
582 1188 645 1251 hoc
661 1188 832 1272 praeivisse
847 1193 1014 1252 auctorem
1030 1187 1178 1272 cyprio.

61 1306 135 1350 rum
161 1287 354 1363 carminum,
376 1306 396 1351 e
420 1287 542 1353 Proclo
556 1287 671 1353 didici.
715 1286 784 1352 Alii
800 1291 906 1353 serius
921 1296 1046 1373 etpost
1062 1291 1169 1355 Mem·

60 1390 160 1452 nonis
183 1389 325 1460 demum>
338 1389 502 1455 interitum
528 1392 713 1467 collocasse
740 1390 903 1469 videntur,
928 1397 967 1454 ut
989 1411 1034 1454 ex
1060 1392 1169 1476 Lyco-

60 1493 190 1573 phrone
203 1491 270 1555 307
284 1510 358 1574 sqq.
372 1496 405 1555 et
417 1490 542 1556 Tuetza
555 1493 597 1556 ad
612 1511 641 1556 e.
654 1491 678 1555 l.
695 1490 778 1556 etin
793 1489 998 1555 Posthomer.
1013 1492 1079 1556 353
1094 1511 1169 1576 sqq.

59 1593 215 1676 colligas.
260 1591 305 1656 ut
332 1593 382 1655 sic
406 1593 577 1675 manifeste
605 1593 724 1677 Dictys
747 1593 805 1675 qui
829 1592 930 1673 vulgo
954 1590 1055 1657 fertur
1071 1609 1122 1670 ιν,
1137 1593 1170 1675 9.
1204 1663 1208 1669 ,

60 1692 149 1760 Post
171 1694 353 1760 Hectorem
377 1692 548 1759 Ausonius
572 1695 728 1779 Epitaph.
752 1693 806 1772 18,
830 1695 889 1777 qui
908 1693 940 1758 h.
955 1694 979 1757 l.
993 1695 1170 1779 expressit.
1192 1756 1195 1761 .

60 1792 209 1860 Omnino
231 1798 324 1862 varie
348 1796 436 1861 hanc
456 1789 674 1862 narrationem
689 1817 710 1862 a
725 1796 846 1881 priscis
858 1795 968 1879 poetis
993 1800 1171 1860 tractatam

58 1896 165 1962 fuisse
180 1917 314 1964 neeesse
328 1902 390 1964 est.
433 1897 592 1983 Inprimis
617 1903 725 1962 tamen
750 1897 891 1962 infames
914 1894 1005 1960 suere
1026 1895 1170 1960 Achillis

60 2017 193 2065 amores
206 2002 241 2065 in
254 1999 404 2097 lhoilum
417 1998 671 2084 pulcherrimum
685 2019 835 2084 puerum,
851 1997 916 2058 vid.
941 1993 1068 2058 Tuetza
1088 1994 1170 2060 ibid.

58 2105 94 2164 et
110 2099 158 2162 ad
170 2118 201 2162 e.
215 2100 345 2167 Cantor.
368 2101 458 2165 Nor.
486 2103 577 2164 Lect.
595 2120 635 2173 rr,
648 2103 682 2172 9,
698 2101 731 2158 et
745 2096 776 2157 h.
790 2096 814 2159 l.
837 2093 946 2159 Cardu
968 2101 1045 2180 post
1059 2095 1170 2174 Serri·

59 2219 140 2266 nm:
162 2216 351 2283 quanquam
377 2196 502 2262 Tcetza
530 2217 591 2281 pro
618 2196 717 2261 solita
744 2216 805 2259 sua
829 2196 969 2261 stultitia
991 2199 1169 2281 sponsione
1216 2208 1220 2215 '

61 2295 510 2382 certats'lhoilum'magnum
520 2299 593 2381 jam
612 2302 693 2361 natu
707 2296 824 2361 fuisse.
867 2296 960 2362 Nata
974 2303 1083 2363 autem
1098 2300 1170 2365 sine

61 2403 166 2467 dnbio
195 2407 248 2467 est
276 2401 461 2486 estabula
484 2420 505 2464 e
530 2399 704 2484 poetarum
732 2399 873 2478 lusibus,
906 2400 963 2483 qui
992 2420 1169 2484 puerorum
1255 2445 1260 2454 .

63 2521 193 2569 amores
222 2502 372 2586 inprimis
399 2497 541 2565 Achillis
571 2503 724 2585 exemplo
746 2500 979 2583 defendebant3
1002 2522 1103 2586 quam
1124 2503 1169 2567 ad

63 2624 130 2669 rem
158 2623 323 2668 summum
346 2603 425 2667 illud
457 2604 562 2668 occisi
593 2604 739 2669 Patrocli
761 2603 960 2692 desiderium
995 2606 1169 2669 memorari

64 2705 205 2771 solebat.
251 2703 357 2768 Fuere
371 2724 414 2768 ex
437 2718 477 2768 eo
499 2725 616 2786 genero
642 2706 761 2788 plures,
784 2710 822 2768 ut
847 2704 1047 2783 Phanocles,
1072 2707 1169 2789 cujus

61 2814 183 2892 Ἔρωτες
206 2804 222 2880 ἢ
248 2804 339 2867 Kaaol
363 2826 464 2889 nupcr
486 2807 520 2870 in
537 2808 727 2870 memoriam
740 2808 889 2870 revocati
902 2805 993 2871 suere
1007 2807 1169 2887 fragmen·

65 2918 137 2974 toe
162 2907 302 2973 Stobaeo
327 2925 348 2970 a
372 2904 570 2971 Ruhnkenio
598 2925 630 2968 v.
655 2925 686 2969 c.
710 2913 892 2972 retractato.
917 2906 969 2970 Cf.
999 2905 1100 2972 Notae
1126 2907 1170 2970 ad

32 3045 34 3055 ·
61 3007 224 3095 'Apollod
238 3029 272 3092 p.
287 3008 352 3073 532
366 3028 442 3093 sqq.
485 3008 574 3072 Illud
599 3008 739 3085 mireris,
766 3008 854 3090 quod
873 3006 947 3090 jam
969 3007 1168 3092 Lycophrou

64 3113 207 3178 fabulam
220 3111 306 3175 hanc
320 3108 426 3175 Troili
439 3111 669 3195 interpolatam
692 3115 825 3174 secutus
849 3129 923 3174 esse
946 3110 1073 3174 videtur
1096 3110 1118 3172 l.
1144 3110 1168 3172 l.
1256 3118 1288 3174 ,⁶

65 3214 190 3280 etArae
206 3218 320 3277 auctor
335 3213 502 3290 carminis,
530 3212 621 3295 quod
644 3213 727 3276 inter
750 3211 899 3277 Simmiae
920 3209 1042 3296 παίγνια
1067 3211 1168 3290 habe·

66 3323 123 3381 tur.
169 3313 325 3378 Ceterum
339 3312 499 3397 Virgilius
522 3314 627 3378 Troili
651 3314 777 3378 caedem
797 3314 846 3376 ita
868 3317 978 3378 narrat
991 3318 1024 3377 et
1037 3317 1167 3389 uectat,

67 3424 101 3481 ut
112 3421 143 3482 is
159 3439 238 3483 cum
258 3414 390 3480 Achille
412 3435 606 3498 congressus
621 3416 751 3479 vulnere
766 3420 906 3497 accepto
922 3434 1018 3478 curru
1031 3413 1167 3478 excide-

68 3524 114 3599 rit,
127 3521 274 3606 'pedihus
290 3524 401 3584 tamen
414 3519 463 3582 ita
475 3518 667 3601 impeditus,
683 3521 721 3581 ut
735 3517 873 3600 supinus
897 3537 916 3581 c
940 3537 1036 3580 curru
1049 3516 1167 3597 delap-

68 3643 122 3688 sus
145 3625 188 3687 ab
211 3622 307 3704 equis
330 3626 512 3703 raptaretur
533 3623 708 3704 (compara
733 3618 833 3683 Iliad.
861 3626 898 3697 Z,
922 3619 977 3683 42.
998 3619 1066 3695 43),
1091 3635 1167 3679 cum

69 3726 260 3790 intercamc
273 3723 475 3787 hastamuec
497 3722 604 3787 fraena
624 3741 643 3785 e
664 3722 817 3785 manibus
840 3721 1034 3799 dimitteret3
1056 3719 1166 3799 itaque

71 3823 161 3891 laste
173 3828 308 3892 inversa
328 3844 388 3909 per
411 3829 530 3889 terram
555 3828 662 3888 tracta
685 3824 797 3888 sulcos
819 3823 854 3887 in
878 3822 1012 3905 pulvere
1036 3817 1166 3881 tractim

75 3924 220 3995 iaccbat.
264 3925 370 3992 Aliter
397 3926 518 4012 Dictys
539 3927 561 3991 l.
583 3926 606 3989 Ι.
627 3925 735 3993 Dares
749 3943 778 3989 c.
792 3925 846 3990 33.
889 3919 1056 4004 Joscphus
1072 3917 1166 3984 Isca-
