2664 4686
482 129 533 179 nn
557 129 753 183 ausonios.
1082 117 1171 185 3971·

66 274 246 363 hughe
259 280 513 342 consentaneum
526 275 678 341 videmus
693 274 759 341 0d.
775 282 818 354 Μ,
834 275 996 342 85-100.
1042 277 1169 362 Scopu-

67 376 123 444 lus
140 380 306 455 mcum
328 380 432 457 antro,
449 381 544 464 cujus
564 377 665 442 fundo
687 377 747 441 illa
768 376 1020 458 incubat;,oelle;
1045 376 1168 442 δυώδεκα

27 560 32 573 ⁸
66 477 168 553 πάντες
179 481 267 568 inpos
291 478 449 565 (obscuro
473 476 587 563 sensu)
600 481 631 543 ei
654 480 839 544 tribuuntur
854 499 887 543 v.
901 479 957 557 89,
976 480 1094 544 saltem
1111 482 1169 548 illa

65 582 207 666 pedibus
221 585 292 647 suia
306 584 457 648 insistere
470 583 597 666 nequit3
618 583 731 666 itaque
752 582 864 647 medio
882 589 1007 647 tantm
1029 602 1168 665 corpore

65 703 110 747 cx
124 695 229 750 antro·
235 687 397 768 prominet
409 690 443 749 et
465 703 528 749 sex
543 703 604 748 sira
617 685 730 766 capita
743 684 808 748 late
821 686 935 761 exerit,
959 689 996 749 ut
1010 686 1166 767 piscetur,

64 785 154 849 unde
169 788 275 863 vivat,
285 786 416 851 belluas
429 789 572 850 marinas
583 787 726 861 Δελφῖνᾶς
740 812 772 849 τι
786 786 869 860 κύνας
884 813 925 866 τε,
942 787 991 850 καὶ
1008 785 1090 850 elrolr
1106 792 1167 868 μᾶ·

66 890 110 965 ζον
136 883 218 971 inpar
245 891 348 961 Kirn·
391 885 472 951 Vox
487 907 585 970 porro
606 888 680 972 ejus
694 894 746 953 est
767 890 876 972 qualis
892 891 991 954 catuli
1006 910 1037 955 v.
1053 892 1104 957 86.
1118 898 1167 969 τῆς

66 983 126 1061 ἤτοι
142 991 215 1070 φανὴ
228 989 292 1069 μὲν,
307 984 357 1063 ὅση
372 984 516 1062 σκύλακος
530 992 666 1074 νεογιλῆς,
682 989 804 1051 Γίνεται.

111 1088 284 1154 Mutaruut
295 1089 405 1173 itaque
420 1091 589 1172 sequiores
603 1088 714 1173 politae
728 1090 886 1168 fabulam,
898 1098 930 1155 et
944 1113 1052 1154 conum
1067 1114 1169 1158 oocom

60 1187 325 1276 piscationemque
338 1187 551 1274 delphinorum
565 1199 593 1252 el
609 1212 719 1254 curram
742 1192 786 1256 ad
808 1195 952 1276 speciem
970 1194 1093 1278 Scyllae
1108 1215 1168 1261 ex·

65 1291 249 1355 ornandam
265 1293 522 1356 transtulerunt:
545 1291 684 1356 ademtis
714 1295 881 1377 capitibus
905 1314 979 1361 sex.
1024 1296 1090 1360 Pro
1114 1297 1168 1366 his
1274 1324 1277 1328 “

65 1395 155 1457 enim
173 1411 312 1476 superne
327 1395 456 1478 specics
470 1401 521 1458 est
533 1394 665 1477 puellae,
681 1415 756 1478 quoe
771 1402 881 1459 tamen
896 1397 1031 1460 inferius
1047 1417 1168 1482 corpus

65 1498 287 1557 monstrosum
299 1493 410 1558 babet.
455 1492 656 1560 oviantes
673 1497 841 1573 xrrr,'732
863 1496 950 1560 ‘Illa
970 1497 1049 1560 seris
1063 1504 1169 1564 atram

65 1595 207 1658 canibus
221 1596 424 1677 succingitur
438 1594 549 1660 alvum
557 1597 706 1680 Virginis
719 1617 779 1662 ora
791 1597 927 1680 gerens!
970 1598 1094 1663 Tibull.
1112 1617 1168 1680 111,

64 1698 98 1773 d,
113 1696 159 1761 89
181 1690 359 1779 ‘Scyllave
372 1695 552 1778 virgineam
567 1698 707 1761 canibus
720 1699 891 1763 succincta
905 1699 1064 1781 figuram!
1107 1700 1172 1765 Est
1198 1757 1203 1778 ,

66 1796 151 1859 adeo
165 1794 278 1859 fabula
291 1794 364 1859 haec
377 1814 421 1858 ex
435 1814 476 1857 eo
490 1816 614 1877 genere,
629 1799 665 1861 in
680 1818 746 1882 quo
760 1799 922 1863 artificum
936 1801 1068 1882 ingenie
1084 1803 1168 1884 pris·

65 1901 168 1962 tinam
182 1897 470 1968 monstrilormam
484 1897 518 1959 in
528 1897 756 1980 jucundiorem
768 1906 944 1966 mutarunt.

110 2002 152 2067 Iu
165 2001 216 2064 bis
229 2019 270 2063 ac
284 1999 447 2062 similibus
466 1998 546 2062 uilril
569 2005 630 2077 est,
650 2001 740 2084 quod
762 2001 901 2067 haereas.
945 2002 1070 2067 Verum
1085 2005 1169 2070 diffi-

65 2103 221 2167 cultatem
242 2102 351 2165 sacere
375 2105 484 2184 potest
507 2119 548 2163 ea
571 2102 713 2182 species,
729 2120 796 2183 qun
816 2103 850 2163 in
864 2108 1010 2164 extrema
1024 2106 1170 2186 corporis

67 2208 164 2287 parte
183 2199 350 2287 delphines,
365 2198 441 2284 lupi,
462 2209 492 2260 el
507 2221 604 2275 eones,
618 2219 685 2263 una
698 2201 868 2288 commissi
882 2205 915 2263 et
927 2201 1096 2285 conjuncti
1107 2204 1171 2268 'tin-¹

65 2310 196 2387 guntur.
226 2302 395 2367 Iuversu:
411 2300 739 2384 ‘postremaimmani
749 2318 886 2384 corporo
895 2303 1016 2384 pistrix
1026 2303 1168 2389 Delphi·

64 2425 142 2469 num
158 2404 286 2469 caudas
300 2407 390 2466 utero
405 2401 583 2464 commissa
595 2399 758 2484 luporum’
776 2402 966 2484 ambiguum
981 2409 1042 2483 est,
1062 2412 1168 2471 utrum

66 2511 123 2574 sit:
139 2509 274 2594 pisb'iX,
289 2526 364 2589 qum
380 2503 575 2567 commissas
589 2504 689 2566 habet
702 2500 879 2587 delphinum
894 2503 1009 2567 condor
1023 2515 1109 2570 utero
1119 2505 1168 2588 ln·⁴

61 2631 188 2694 porum,
198 2606 393 2690 anluporum
408 2602 523 2666 candos
538 2602 826 2687 delphinnmulero.
850 2604 1012 2669 Neutrum
1023 2609 1169 2690 speciem

65 2710 166 2777 facile
182 2709 285 2792 fingat
299 2708 364 2770 sibi
379 2705 501 2788 aliquis
517 2706 645 2769 animo:
661 2708 810 2789 inprimis
825 2707 854 2769 si
866 2707 1032 2788 vulgarem
1044 2708 1167 2791 Scyllae

67 2814 208 2877 sormam
223 2813 256 2874 in
271 2811 390 2892 priscis
404 2810 621 2872 monumentis
633 2814 770 2891 reputet,
785 2810 819 2870 in
844 2810 965 2890 quibus
990 2828 1030 2870 ca
1044 2810 1077 2871 in
1099 2811 1168 2874 dcl-

68 2916 205 2999 phinum
214 2909 343 2976 caudas
353 2909 481 2986 desinit,
492 2912 629 2973 canibus
638 2930 681 2973 ex
690 2916 781 2972 utcro
792 2911 908 2972 subtus
921 2910 1166 2992 prodeuntibus.

68 3017 188 3100 Itaque
201 3012 491 3094 tertiamaliquam
504 3013 664 3076 rationem
679 3013 847 3092 ingressus
862 3032 932 3074 sum
951 3012 986 3075 in
1009 3011 1110 3075 Notis
1125 3011 1169 3075 ad

68 3139 97 3181 e.
113 3120 151 3194 1.,
163 3124 201 3180 ut
215 3117 277 3179 sit:
301 3114 456 3175 commissa
482 3113 595 3175 condas
615 3110 802 3194 delphinum,
817 3113 942 3176 habens
964 3111 1089 3194 caudas
1103 3111 1170 3176 del·

68 3225 205 3308 phinum
218 3222 427 3297 commissas,
443 3221 647 3302 conjimctas,
662 3237 736 3280 cum
754 3226 838 3279 ntero
851 3214 1002 3300 lnporum,
1017 3217 1169 3299 luporum

67 3326 169 3390 uteris
184 3343 212 3390 s.
229 3323 433 3407 corporibus,
460 3342 535 3405 quae
559 3323 640 3383 inter
664 3320 759 3382 binas
783 3318 970 3402 delphinum
989 3318 1112 3382 caudas
1126 3338 1170 3380 ex

69 3427 145 3490 also
158 3427 353 3510 prominent.
399 3422 504 3485 Recte
528 3421 601 3485 baec
620 3440 656 3484 se
679 3421 809 3497 habent,
833 3419 933 3482 modo
955 3438 997 3481 ex
1019 3419 1169 3501 pluribus

69 3528 192 3611 Scyllae
206 3525 325 3589 sonnis
337 3542 411 3586 eam
427 3530 547 3601 teneas,
562 3543 635 3605 quae
653 3520 785 3603 Virgilii
800 3521 909 3583 mrimo
923 3519 1097 3596 insederat.

111 3631 153 3695 In
168 3631 317 3712 antiquae
331 3628 460 3691 scilicet
474 3629 553 3690 artis
568 3627 723 3709 operibus
745 3645 810 3688 nou
831 3644 896 3688 una
921 3624 1043 3716 Scyllae
1067 3622 1171 3685 forma

69 3733 227 3810 occurrit3
251 3729 351 3792 modo
364 3748 405 3791 ca
424 3729 458 3791 in
473 3728 660 3811 delphinum
681 3727 777 3790 binas
793 3726 918 3789 caudas
932 3724 1068 3801 desinit3
1090 3721 1172 3784 nihil

68 3833 227 3916 amplius3
251 3831 351 3894 modo
374 3832 555 3893 intertextae
580 3833 637 3891 aut
660 3827 859 3891 intermixta
875 3830 950 3888 sunt
965 3841 1082 3887 canum
1096 3835 1174 3903 pro··

66 3943 183 4018 tomae3
210 3939 245 4000 et
257 3932 332 3997 haec
347 3932 479 4014 quidem
493 3936 545 3994 est
558 3928 703 3994 solennis
718 3927 833 4005 forma,
847 3934 882 3992 ut
897 3928 929 3991 in
942 3943 1007 3993 aero
1022 3923 1169 3986 maximo
