2664 4686
95 334 184 408 mun
476 354 672 405 ancnuans
693 354 866 405 cumcun

98 516 216 560 vanarn
230 506 283 559 est.
320 494 547 558 Emendationes
562 518 597 558 ex
612 499 669 558 hoc
684 496 787 560 codice
801 498 832 558 in
845 499 1000 578 &logum
1015 514 1054 559 x.
1068 500 1214 580 proposi

99 593 255 655 Adversas.
270 610 375 654 xviri.
394 590 442 654 16.
464 610 537 653 xus.
552 591 602 656 26.

300 692 318 724 fl
438 688 454 720 ‘t
576 689 592 725 fi
716 690 733 724 O
757 724 760 729 ,
853 694 872 726 0
1000 694 1019 729 O
1054 724 1058 731 .

141 800 192 846 xi.
214 785 443 845 Mensoravimus
457 784 555 844 adbuc
569 784 690 845 codices
704 786 801 845 Matos
815 785 944 865 primum
966 787 1138 867 principes,
1160 798 1214 849 tun

101 900 226 961 qnorum
240 892 352 942 veteres
367 883 463 942 critici
485 880 661 943 mentionem
680 882 804 944 faciunt.
823 914 826 921 ·
845 882 1081 963 Subjnrsgemns
1102 885 1215 945 mss*

100 979 154 1052 las,
174 977 212 1038 ad
228 998 353 1058 quorum
367 978 456 1039 tidem
471 989 607 1040 auctores
621 980 785 1040 editionum
799 978 973 1039 criticsrum
987 991 1021 1040 et
1030 980 1213 1047 clssricm

102 1068 301 1136 recensionem
317 1095 400 1135 assam
415 1076 572 1135 instituisse
583 1077 727 1136 seruntur.
761 1076 801 1135 Et
814 1075 922 1154 primas
935 1075 1069 1154 quidem
1078 1077 1213 1137 editiora

100 1190 138 1232 ex
153 1171 306 1231 codicibus
321 1170 438 1231 llssxisse
460 1172 501 1230 uti
521 1181 601 1231 certa
615 1191 661 1231 res
674 1180 730 1242 est,
750 1170 791 1231 ita
810 1170 979 1232 dolendum
993 1182 1044 1233 est
1062 1192 1125 1234 son
1138 1190 1215 1252 nque

100 1267 223 1346 liquere,
254 1288 271 1328 e
299 1269 407 1346 quibus
434 1266 525 1328 codd.
550 1267 606 1326 illae
628 1267 728 1327 ductae
749 1265 867 1327 suerint.
909 1266 1088 1346 Principem
1101 1258 1212 1349 quiuis

100 1357 277 1436 Romanam,
299 1364 462 1442 pamelius,
478 1384 538 1424 isac
548 1352 643 1423 tamen
660 1363 745 1423 valde
759 1364 861 1435 bonos,
879 1365 1005 1425 codices
1018 1378 1213 1446 comparatos,

100 1478 137 1521 es
152 1460 308 1540 Pomponii
321 1460 497 1521 infortunati
518 1463 561 1537 (h.
575 1482 601 1521 e.
620 1461 690 1522 Julii
704 1462 859 1540 Pomponii
880 1461 972 1535 Laeti)
996 1462 1108 1524 codice
1133 1464 1213 1524 fnis-

101 1557 299 1630 emeudatam,
319 1567 381 1617 tum
395 1578 411 1617 a
426 1558 509 1618 nobis
523 1552 708 1629 monebitur,'
720 1578 789 1617 cum
803 1567 933 1617 veterum
948 1559 1119 1621 editionum
1131 1578 1213 1621 anu·

101 1655 144 1714 les
159 1653 365 1726 conficiemus:
396 1654 569 1733 quostiam
595 1674 631 1714 ea
655 1655 828 1725 differimus,
857 1675 926 1733 quac
949 1655 991 1717 de
1012 1657 1212 1717 nonnullarum

101 1750 223 1810 aliarum
238 1771 306 1812 saec.
321 1766 379 1812 xv.
395 1750 556 1811 editionum
571 1751 701 1811 fontibus
723 1751 913 1811 memoranda
935 1752 1097 1814 babemus.
1140 1755 1212 1814 Pr!-

101 1845 173 1905 clari
187 1845 267 1905 suere
281 1845 410 1917 codices,
433 1846 470 1904 ad
484 1866 558 1924 quos
574 1847 738 1924 Naugerius
752 1847 801 1906 ed.
823 1847 897 1907 Ald.
922 1857 993 1909 test.
1019 1858 1102 1912 1514
1123 1868 1213 1911 ernen-

101 1940 194 2001 davit.
235 1943 299 2002 Nec
314 1941 409 2001 miuus
424 1941 555 2020 preclari
570 1942 693 2002 Pieriaui
712 1951 798 2005 1521.
842 1944 961 2002 Paullus
976 1945 1135 2005 Manutius
1154 1948 1210 2006 lle·

103 2036 222 2098 dlceniu
237 2039 390 2118 expressit,
406 2046 494 2108 1583,
517 2037 559 2097 uti
574 2034 738 2099 Palatinum
752 2039 950 2099 Commelinus
968 2048 1062 2112 1699.
1104 2043 1211 2103 liccem

103 2133 216 2195 sionem
231 2138 279 2197 Jo.
295 2136 387 2196 Henr.
402 2135 561 2195 Boeclerus
575 2136 612 2196 ad
635 2138 694 2195 Ms.
708 2134 847 2201 biblioth.
883 2136 1116 2214 Argentinensis
1127 2159 1160 2200 se
1171 2141 1211 2200 in·

103 2230 232 2293 stitnisse
257 2234 286 2291 in
309 2233 379 2293 edit.
405 2233 537 2295 Ulmensi
565 2232 641 2304 1698
665 2233 837 2312 profitetur:
868 2253 970 2312 parum
988 2235 1213 2297 tameufructus

102 2325 222 2387 indeed
239 2329 391 2407 Virgilium
406 2331 544 2407 perressit.
574 2332 617 2389 Ex
633 2333 690 2391 Ge.
705 2329 830 2391 Fabricii
845 2329 1040 2409 castigatione
1053 2343 1085 2393 et
1096 2334 1210 2394 Theod.

102 2423 255 2484 Pulmanui
269 2427 447 2499 recensione,
470 2438 570 2488 neutra
584 2437 680 2488 tamen
695 2428 732 2487 ad
747 2449 838 2489 novos
852 2429 945 2488 codd.
955 2428 1048 2501 facta,
1069 2428 1213 2491 tiusesssut

102 2520 162 2581 sere
184 2523 362 2601 exemplaria
375 2526 493 2603 vulgata
507 2526 615 2598 omnia,
637 2545 704 2603 qum
718 2545 812 2603 usque
833 2525 870 2584 ad
890 2524 961 2584 Nic.
977 2526 1139 2586 Heinsium
1157 2547 1213 2587 ma·

102 2617 190 2678 nibus
204 2621 391 2691 terebantur3
414 2622 624 2681 l'nlmanniaua
637 2622 756 2701 quidem
771 2622 859 2681 lectio
872 2621 1018 2699 regnabat
1039 2622 1068 2682 in
1083 2627 1214 2685 Antaeo

101 2714 252 2791 pieusibus
268 2716 457 2776 Elzevirianis
473 2729 502 2777 et
525 2721 628 2779 ceteris
643 2718 777 2798 Belgicis.
819 2719 853 2776 In
879 2718 923 2777 bis
947 2738 965 2777 a
991 2720 1072 2778 Dan.
1096 2720 1212 2779 Heinsio

103 2809 244 2888 profectae
265 2811 336 2870 edd.
363 2812 502 2888 majorem
518 2816 594 2875 adeo
608 2816 746 2876 incuriam
762 2814 903 2893 produnt.
947 2817 1066 2875 Bonum
1082 2814 1211 2877 sactum!

103 2908 243 2969 successit
258 2908 328 2968 Nic.
344 2910 492 2972 Heinsius.

505 3009 625 3069 Codices
642 3010 809 3069 Heinaiuni.

143 3117 211 3162 xis.
224 3103 357 3181 Triginta
367 3104 437 3163 Nic.
448 3105 588 3164 Heinsius
603 3125 694 3165 annos
709 3106 827 3183 Virgilio
836 3106 1021 3165 recensendo
1036 3106 1212 3186 impendisse

101 3205 132 3257 et
146 3197 204 3257 scre
219 3216 295 3256 xxx
311 3198 428 3259 codices
443 3201 623 3260 consuluisse
639 3211 781 3261 narratur.
823 3204 867 3260 Ex
885 3200 930 3259 bis
954 3221 973 3261 a
997 3204 1169 3265 Burmanno
1184 3204 1212 3264 in

101 3294 184 3371 prees.
199 3296 236 3353 ad
255 3296 404 3372 Virgilium
420 3307 573 3376 sequentes
587 3307 867 3358 commemorantur:

142 3389 311 3461 Mcdiceus,
332 3401 362 3449 et

142 3485 313 3559 Vaticanus,
335 3488 408 3546 alter
421 3487 469 3547 ille
491 3509 520 3548 n.
536 3488 637 3558 3867„
661 3509 749 3566 quem
765 3499 862 3548 tamen
878 3487 941 3565 ipse
956 3489 1037 3549 haud
1052 3493 1210 3572 inspexisse

101 3582 233 3654 videtum
256 3603 358 3643 verum
374 3583 475 3644 laudat
489 3605 555 3644 eum
571 3605 606 3643 cx
623 3584 760 3643 Pierianis
776 3584 1040 3661 castigationibus.

142 3680 269 3739 Codices
286 3680 456 3740 Meutcliani
472 3691 540 3751 tres,
562 3681 611 3740 Jo.
643 3681 786 3751 Mantelii,
820 3679 931 3739 Medici
953 3683 1110 3759 quondam
1135 3686 1211 3745 Pari-

102 3773 167 3847 sini,
183 3775 262 3854 iique
276 3776 304 3834 iu
320 3778 534 3855 antiquioribus
551 3777 689 3837 habendi.
731 3780 804 3838 Sunt
819 3777 872 3849 illi,
887 3778 1022 3857 inprimis
1042 3782 1135 3859 prior,
1151 3783 1212 3861 ple·

100 3890 226 3952 rumque
241 3873 416 3951 inpartibus
432 3874 579 3933 Medicei:
601 3896 630 3934 v.
646 3896 673 3934 c.
689 3877 755 3936 AEn.
773 3892 812 3936 11.
826 3875 877 3943 76.

141 3969 267 4030 Codices
290 3968 515 4047 Rottendorphii
536 3980 606 4042 tres,
627 3971 677 4050 qui
701 3983 784 4032 erant
804 3972 945 4033 Bernardi
970 3975 1211 4056 Rottcndorpbii,

102 4063 226 4126 Medici.
268 4069 312 4128 Ex
325 4068 360 4127 iis
375 4068 477 4128 tertius
491 4067 666 4148 plerumque
684 4089 754 4131 cum
769 4070 910 4132 Gudiano
928 4079 961 4131 ct
983 4073 1128 4136 blediceo
1147 4092 1213 4137 cns·
