2664 4686
183 278 302 379 mr
575 311 779 362 sxounsus
808 295 906 361 rut*

184 456 237 518 ris
259 458 415 528 narratur,
438 451 564 517 recedit
587 474 609 517 a
630 455 761 536 vulgari
782 454 979 534 narratione,
1003 476 1079 540 qua
1099 457 1284 542 proditiotil

185 556 390 637 arguebatur,
404 555 521 619 litteris
535 556 578 619 ab
595 554 718 639 [dysse
731 575 791 639 per
805 555 953 621 taudem
967 559 1170 624 submissis.
1217 603 1224 616 ·

229 654 271 718 ln
299 655 491 720 Palamedis
516 664 687 722 stemmate
705 659 819 721 turbas
833 657 941 722 feoere
961 657 1039 742 jam
1065 665 1210 726 veteres.
1249 656 1282 727 l.

185 754 300 821 Burm.
324 758 358 820 in
383 755 565 839 Argonaut.
588 777 665 821 voc.
692 753 861 841 Nauplius.
877 763 911 822 et
924 757 1008 824 Not.
1025 759 1073 823 ad
1088 757 1283 846 Apollodp.

184 856 251 920 274
263 877 329 940 sq„
345 865 378 922 et
391 861 464 941 ipse
488 859 585 923 Maro
606 850 640 923 in
662 879 702 922 eo
727 860 843 943 lapsus
865 866 927 940 est,
953 881 1045 925 cum.
1059 857 1209 927 Belides
1224 880 1283 929 eu!

184 959 342 1040 appellat.
387 959 476 1024 Nam
490 962 520 1023 is
534 960 745 1036 Palamedes,
763 960 805 1023 de
819 978 887 1043 quo
899 962 979 1043 agit,
993 960 1147 1046 Nauplii
1160 962 1284 1029 Eubois

184 1077 205 1119 e
219 1058 388 1144 Clymene,
403 1061 511 1126 Catrei
526 1063 608 1140 tilia,
633 1067 705 1126 erat
724 1061 829 1127 tilius:
861 1081 1004 1145 cumque
1018 1068 1132 1129 mater
1144 1069 1233 1129 esset
1242 1082 1283 1129 so·

185 1178 240 1224 ror
252 1162 395 1245 AEropes
410 1162 572 1227 Plistheni
594 1170 718 1246 nuptae,
733 1183 810 1245 quae
829 1161 1120 1245 Agamemnonem
1136 1171 1174 1231 et
1188 1163 1282 1231 lime

185 1261 275 1326 laum
290 1271 385 1345 partu
398 1264 555 1342 ediderat,
570 1263 707 1328 Atridas
723 1264 779 1328 ille
802 1270 948 1330 materno
962 1282 1083 1347 genere
1106 1267 1281 1350 attingebat

187 1361 349 1428 Diversus
371 1366 432 1430 fuit
455 1364 636 1448 Nauplius,
662 1366 721 1447 qui
748 1364 793 1428 ud
821 1362 967 1446 Argium
996 1363 1137 1430 fabulas
1163 1370 1282 1450 sputu,

186 1462 337 1547 Neptuni
356 1472 388 1530 et
410 1464 613 1550 Amymones
637 1467 744 1531 lilius:
775 1486 852 1548 quae
876 1485 952 1531 cum
979 1465 1097 1532 Danai
1115 1467 1282 1543 essetil‘n,

185 1563 328 1649 Beliquo
341 1567 427 1632 adeo
446 1568 567 1650 neptis,
591 1568 748 1631 hactenus
772 1566 981 1645 Palamedes,
1005 1587 1188 1651 perperam
1201 1568 1282 1633 anu

187 1666 316 1746 dumus,
334 1666 459 1732 Belides
485 1667 592 1732 dicuis
613 1672 673 1733 est.
719 1668 868 1752 Septimo
882 1668 986 1750 gradu
1000 1688 1022 1732 a
1037 1670 1127 1734 Belo
1140 1670 1282 1753 origines

186 1768 310 1834 trabere
333 1770 421 1835 salso
447 1770 567 1836 dicitur
590 1791 612 1834 a
635 1770 770 1835 Lutatio
794 1769 839 1836 ad
865 1770 963 1836 Statii
977 1770 1106 1836 Achill.
1125 1789 1154 1847 ι,
1167 1773 1210 1837 94
1222 1774 1281 1835 ets

187 1866 303 1933 Servio
318 1871 360 1935 ad
375 1872 408 1936 h.
422 1872 445 1936 l.
460 1871 539 1936 AEn.
552 1888 593 1949 ιι,
603 1872 658 1950 81,
673 1872 731 1936 ubi
744 1870 929 1955 Apollonio
945 1879 1082 1939 auctore
1096 1873 1133 1938 id
1148 1872 1280 1939 traditur.

483 2300 863 2407 exeussus
902 2323 1008 2402 rvr*

264 2511 270 2521 ’
315 2537 535 2591 Ριιιιιιιιιιιι
552 2537 577 2588 Α
594 2537 833 2623 montuosus
848 2535 982 2587 onrsss
998 2534 1168 2588 mauu.

232 2712 272 2771 ιι,
296 2692 480 2758 lot-168.
514 2691 956 2774 ‘tydides-scelerumque
980 2690 1135 2757 inventor
1164 2688 1283 2765 mne,

188 2796 304 2859 Fatale
329 2795 477 2876 aggressi
502 2798 633 2857 sacrato
656 2794 797 2857 avellere
820 2793 943 2875 templo
967 2789 1176 2871 Palladium,
1196 2792 1284 2858 casus
1319 2824 1322 2849 ι

186 2913 323 2959 summae
338 2893 529 2958 custodibus
545 2894 644 2971 arcis,
669 2891 863 2976 Corripuere
878 2912 1008 2957 sacram
1021 2891 1178 2975 effigiem,
1191 2891 1285 2957 mani·
1319 2902 1322 2983 j

186 2996 313 3078 busque
338 2995 480 3057 cruentis
507 2992 686 3075 Virgineus
717 2995 790 3059 ausi
827 2993 926 3058 Divae
956 2995 1148 3076 contingere
1173 2987 1286 3058 vitus!
1308 2988 1322 3013 ⁶

185 3095 418 3162 Celebritatem
441 3097 541 3160 habet
566 3095 630 3160 hoc
657 3095 831 3159 Diomedis
853 3099 886 3157 et
901 3094 1035 3178 Ulyssis
1049 3095 1181 3158 facinus
1195 3093 1286 3159 multo

185 3201 290 3282 magis
305 3218 365 3282 per
379 3217 524 3281 gemmas
549 3197 689 3262 artificio
711 3197 842 3260 nobiles
865 3217 964 3281 quam
980 3216 1041 3278 per
1054 3197 1190 3280 polibus.
1234 3194 1285 3262 ni·

186 3302 292 3364 versis
306 3300 416 3364 modis
436 3319 489 3362 res
510 3299 553 3362 ab
577 3299 620 3363 iis
643 3305 694 3362 est
715 3305 860 3377 narrata,
882 3299 1034 3380 inprimis
1052 3299 1095 3362 de
1120 3292 1286 3364 ortisintu

184 3406 357 3484 utrumque
382 3401 459 3481 iris3
492 3420 567 3464 cum
591 3399 733 3483 Ulysses
758 3399 915 3463 Diomedi
935 3398 1222 3484 Palladiumque
1240 3397 1287 3464 ille

181 3502 254 3583 jam
268 3502 395 3584 potitus
410 3506 488 3579 erat,
508 3502 632 3583 eripere
655 3500 768 3581 vellet3
791 3505 860 3563 turm
872 3519 952 3563 vero
966 3501 1020 3564 hic
1036 3502 1155 3566 stricto
1170 3501 1287 3566 ensein

186 3600 341 3684 Ulyssem
358 3604 462 3679 irruit,
477 3622 616 3684 eumque
636 3608 712 3665 ante
727 3621 764 3664 se
778 3603 859 3684 agit,
872 3620 912 3665 ne
933 3621 955 3664 a
972 3609 1066 3684 tergo
1086 3603 1230 3667 insidias
1241 3599 1289 3665 ille

184 3702 401 3768 machinetur.
424 3703 470 3768 V.
486 3703 614 3768 Conon.
630 3703 729 3768 Narr.
744 3705 798 3768 34.
814 3709 847 3768 et
861 3703 1014 3768 Eustath.
1028 3725 1064 3787 p.
1079 3705 1160 3784 822,
1176 3706 1290 3789 laps

184 3804 372 3887 episodium
394 3813 543 3870 nanauir
566 3824 588 3867 a
613 3803 738 3882 Quinto
761 3826 797 3883 x,
820 3805 886 3870 350
904 3825 954 3888 sq.
999 3804 1100 3869 Adde
1116 3803 1292 3871 Zenobia

184 3908 341 3988 Διομὴδιως
355 3902 485 3988 ἀνάγκης
501 3912 535 3969 et
548 3908 581 3970 in
595 3907 628 3970 h.
655 3925 689 3970 v.
712 3905 847 3984 Suidtw,
863 3907 941 3972 item
957 3905 1108 3990 Hesych.
1122 3907 1203 3972 ubi:
1223 3903 1293 3968 ‘Oli

181 4012 232 4085 τὴν
238 4013 346 4094 μικρὰν
355 4004 467 4069 Ἰλιάδα
475 4005 538 4091 (50.
547 4007 679 4092 γράψας)
692 4009 733 4072 lul
745 4013 794 4083 τῆς
803 4013 853 4070 τοῦ
866 4005 1034 4072 Παλλαδίου
1047 4013 1156 4083 κλοπῆς
1167 4005 1293 4094 *feriolas

182 4111 248 4192 (sc.
263 4111 354 4196 φησί).
405 4109 449 4174 Et
467 4110 530 4173 hoc
555 4130 650 4192 vere3
684 4131 761 4176 nam
780 4112 816 4175 in
839 4115 1032 4194 argumento
1053 4109 1177 4187 Ἰλιάδος
1189 4114 1295 4195 pangit

185 4214 273 4297 apud
288 4215 445 4282 Proclum
459 4216 511 4279 est
531 4230 649 4278 versus
662 4211 780 4279 finem:
803 4211 853 4276 καὶ
866 4212 943 4294 μετὰ
953 4214 1050 4274 retra
1062 4207 1293 4296 (Ulysses)rir
