2664 4686
383 316 434 365 An
457 314 629 365 BNBIDOB
653 315 726 364 nia.
750 315 817 365 vil.
1062 302 1151 371 m

84 459 96 524 Ι
120 459 257 525 Italiam
273 479 296 522 a
313 457 445 524 Graeois
466 459 563 523 relati
584 463 705 536 essent,
723 458 921 543 frequentior
942 459 1030 542 ejus
1044 461 1087 525 ab
1113 463 1154 528 iis

84 567 143 629 oh
165 562 300 624 mentio.
345 559 399 624 Ex
427 564 477 625 tot
504 561 645 626 inaniter
659 561 851 644 plerumque
876 561 917 624 de
945 559 1009 624 hoc
1038 560 1154 630 Far·

84 665 153 729 ctis
167 663 242 728 baec
256 662 458 727 tenebimus:
482 661 628 725 Primum
646 681 765 724 numen
786 661 889 725 fuisse
903 662 1029 745 antiqui
1052 663 1154 743 Iani,

84 782 154 847 que
173 763 356 840 fatidicum,
386 761 555 841 Faunum3
578 763 668 826 fuere
695 769 803 826 autem
823 763 945 844 priscae
975 762 1097 842 Italiae,
1121 772 1157 830 et

84 865 236 931 iecorum
264 866 331 929 t'ere
352 883 393 928 ac
423 865 638 928 barbararum
665 864 808 946 gentium
832 865 991 942 omnium,
1011 864 1066 928 Dii
1080 866 1155 931 iati-

84 968 120 1033 εἰ
142 962 269 1033 tantum
290 987 355 1032 non
376 987 510 1032 omnes:
531 967 612 1032 baec
631 968 717 1030 enirn
741 967 850 1031 firtura
870 969 1100 1050 praenoscendi
1114 988 1155 1036 ac

84 1068 256 1135 aeffioenui
277 1071 419 1134 facultas
444 1070 477 1132 in
498 1071 634 1133 numine
656 1069 807 1152 inprimis
829 1069 1000 1133 bominum
1025 1069 1157 1136 rudium

84 1170 183 1235 ibnos
196 1173 371 1236 movebat:
395 1191 455 1234 nec
470 1171 564 1234 aliter
578 1172 710 1235 barbari
731 1169 894 1236 Americae
912 1177 945 1236 et
955 1168 1081 1236 Africae
1095 1192 1156 1257 po·

84 1268 126 1335 uli
148 1269 190 1333 de
205 1271 282 1334 Diis
304 1272 374 1334 suis
390 1270 557 1349 statuunt3
580 1277 613 1336 et
626 1271 786 1335 interdum
811 1290 943 1334 omnem
955 1271 1155 1355 religionem,

84 1369 179 1435 ilium
193 1376 226 1435 et
238 1374 405 1437 notionem
427 1373 582 1448 numinis,
598 1371 642 1435 ad
656 1372 844 1455 opinionem
859 1378 894 1437 et
914 1392 1009 1456 spem
1022 1392 1157 1459 compe

84 1472 159 1538 nili
172 1472 311 1537 futurae
330 1473 403 1537 Diis
425 1481 459 1538 et
473 1473 700 1538 sacerdotibus
709 1474 814 1538 redire
827 1474 988 1538 videmus.
1022 1474 1156 1540 Faunus

84 1591 165 1637 men
181 1575 262 1638 inter
284 1573 439 1638 fatidicos
466 1574 559 1637 Deos
574 1574 725 1657 inprimis
749 1576 905 1638 eminuit:
927 1580 1061 1658 eratque
1085 1577 1157 1659 ojus

84 1672 183 1739 lehre
196 1676 364 1738 oraculum
386 1675 420 1737 in
442 1676 518 1738 luco
532 1674 694 1740 Albuneae
725 1675 817 1759 apud
840 1675 963 1757 Tibur3
986 1676 1028 1739 de
1042 1695 1109 1760 quo
1122 1694 1156 1742 v,

84 1776 111 1841 i.
129 1791 197 1852 vu,
216 1775 260 1840 &2
273 1795 368 1859 sqq.;
392 1778 435 1839 ab
450 1795 490 1839 eo
505 1777 592 1839 enim
607 1782 783 1860 acceptum
795 1776 907 1839 nobile
920 1774 1004 1840 illud
1022 1794 1157 1860 respon-

84 1894 126 1941 un
141 1875 185 1939 de
194 1875 345 1940 lavinia.
391 1876 618 1960 Symbolicum
632 1895 767 1960 quoque
776 1896 896 1941 nomen
906 1883 957 1943 est
969 1874 1080 1942 Fatua
1093 1898 1157 1962 pro

84 1995 160 2043 sore
182 1976 291 2041 Fauni
314 1979 438 2044 habitae
459 1978 569 2044 futura
582 1981 833 2061 praemonentis:
856 1999 889 2044 v.
904 1978 1027 2044 sustin.
1042 1994 1157 2055 xnrn,

130 2077 294 2144 Videntur
308 2085 418 2143 autern
432 2080 572 2143 oracula
582 2080 640 2143 iila
653 2080 844 2162 aliquando,
859 2082 964 2143 serius
977 2080 1073 2157 sorte,
1087 2098 1159 2143 ver-

84 2178 150 2243 bus
163 2181 298 2244 rudibus
321 2180 423 2243 fuisse
445 2181 584 2258 reddita,
598 2180 688 2264 quod
704 2199 856 2244 versuum
868 2198 971 2261 genus
994 2177 1160 2287 Sopurm‘es

84 2279 264 2363 ppellnrunt
278 2286 423 2344 veteres:
446 2281 489 2343 cf.
506 2281 614 2344 Varro
628 2281 669 2344 L.
683 2280 724 2343 L.
737 2280 789 2356 ¹vi,
803 2283 837 2343 3.
882 2279 1073 2345 inconditos
1088 2298 1160 2344 ver·

84 2398 115 2447 ιι
143 2379 318 2464 poetarum
346 2382 550 2462 superiorum
577 2379 704 2443 Ennius
723 2380 901 2445 vellicabat
913 2379 976 2444 hoc
1003 2382 1159 2464 nomine3

84 2481 241 2564 scripsere
264 2481 321 2545 alii
343 2501 413 2544 rem
435 2478 610 2557 Versibus,
623 2499 708 2564 quos
726 2481 808 2543 olim
822 2479 948 2543 Faunei
975 2479 1160 2566 Vateisque

84 2581 244 2647 mebant?
267 2582 409 2664 (Redigi
424 2601 541 2646 versus
555 2582 631 2645 illos
643 2581 796 2646 horridos
812 2580 855 2644 ad
870 2587 1009 2645 metrum
1022 2583 1158 2666 aliquod

84 2702 233 2748 rsumma
247 2685 426 2767 asperitate
438 2701 541 2766 posse
555 2682 668 2747 docuit
677 2701 783 2766 nuper
793 2681 1004 2748 Hermannus
1014 2685 1048 2748 in
1062 2683 1162 2750 docto

84 2784 138 2847 bno
148 2782 191 2846 de
203 2785 317 2848 metris
327 2779 553 2866 Graecorum.)

96 2880 179 2947 Hoc
193 2901 312 2946 numen
326 2882 471 2946 Romani
485 2882 526 2945 de
541 2883 635 2947 Pane
649 2883 844 2949 Graecorum
855 2885 1059 2968 interpretati
1068 2890 1159 2950 sunt:

84 2980 248 3049 lieetiam
272 2981 405 3046 Faunos
429 2986 477 3060 (v.
495 2983 576 3045 AEn.
593 2984 747 3060 vuibili)
769 2982 951 3047 admorom
980 2985 1110 3048 Panum
1128 2992 1162 3049 et

84 3086 249 3168 syrorum
271 3082 506 3166 produxerunt.
558 3081 860 3147 Grammaticorum
887 3089 1073 3147 commenta
1095 3104 1162 3148 non

84 3182 264 3268 fingimus:
285 3203 320 3247 v.
343 3180 462 3246 Victor
486 3182 529 3248 Ο.
548 3182 593 3248 G.
609 3182 654 3248 li.
679 3203 708 3249 c.
723 3186 757 3248 4.
802 3184 925 3248 Habiti
948 3184 1056 3248 Fauni
1078 3186 1162 3250 inter

84 3286 197 3353 inias
208 3286 335 3351 Bacchi
348 3291 382 3350 et
394 3286 488 3368 orgia
497 3286 710 3366 celebrantes,
725 3286 823 3353 etiam
843 3289 877 3351 iu
891 3289 971 3352 artis
985 3289 1161 3372 operibus:

84 3406 127 3453 ue
140 3386 184 3450 de
193 3405 229 3451 re
242 3386 369 3469 egimus
384 3387 418 3449 in
432 3385 606 3470 Antiquar.
620 3388 789 3452 Abhandl.
804 3409 834 3451 c.
845 3405 887 3466 11,
901 3409 937 3471 p.
952 3390 998 3454 53
1010 3408 1086 3472 sqq.

98 3488 185 3554 lude
197 3490 280 3552 inter
293 3489 424 3572 priscos
438 3488 551 3553 Italiae
569 3510 629 3556 seu
646 3488 734 3576 Latii
753 3510 845 3573 reges
860 3491 948 3555 idern
964 3491 1101 3555 Faunus
1113 3509 1163 3554 re·

84 3595 147 3661 itus
160 3596 222 3666 est,
237 3589 338 3654 modo
364 3589 484 3677 Martis
497 3591 598 3655 modo
622 3592 697 3657 Pici
711 3592 844 3656 babitus
857 3593 957 3670 filius,
971 3590 1062 3677 quod
1085 3591 1163 3657 Vir-

84 3689 156 3756 buo
167 3691 345 3773 amplexus
357 3697 410 3755 est
422 3692 445 3756 l.
469 3712 500 3756 o.
545 3692 597 3758 Eo
611 3701 764 3776 regnante
779 3693 933 3758 Evander
947 3713 991 3758 ex
1014 3690 1165 3759 hoodie

84 3789 235 3857 ritaliarn
248 3792 381 3858 venisse
390 3791 573 3858 serebatur:
590 3815 623 3858 v.
640 3793 782 3877 Dionys.
798 3811 823 3872 1,
837 3794 892 3872 31,
906 3793 1031 3859 Justin.
1048 3808 1162 3872 xum,

84 3938 92 3969 ‚
106 3890 151 3959 0.
165 3893 211 3961 G.
226 3893 271 3960 R.
286 3897 320 3960 5.
364 3894 610 3959 Constituenmt
629 3893 715 3958 adeo
727 3895 833 3978 inepti
844 3894 992 3959 homines
1007 3907 1163 3958 annorum

84 4010 238 4073 mun,
248 4015 333 4080 quos
342 3997 531 4080 regnaverit
543 3995 679 4063 Faunus
689 4014 766 4063 cum
780 3994 901 4062 celeus
912 3995 1056 4078 regibus.
1078 3994 1162 4080 Syn-
