2664 4686
111 306 201 375 4376
532 318 733 370 nxcuasus
755 319 798 369 u.

114 469 273 545 Deorum·
297 463 505 547 Jnnonisquo
527 466 564 529 in
577 467 704 550 primis,
719 467 755 529 in
768 462 1015 549 posterioribus
1036 481 1105 527 sex
1129 461 1215 528 libris

111 576 235 656 partas,
249 566 338 651 quod
351 566 569 631 ministerium
592 567 700 634 fuerit.
745 564 932 650 Apparebit
946 563 1006 628 vel
1019 582 1068 627 ex
1091 565 1157 643 bis,
1167 582 1215 630 re·

111 691 184 736 rum
197 688 270 734 csse
284 667 374 752 quod
390 668 564 751 aliquoties
578 670 703 746 monui,
716 669 781 732 hac
796 668 832 731 in
840 666 1001 731 carminis
1013 672 1117 749 parte
1129 665 1218 749 longa

111 771 297 839 inferiorem
311 790 386 834 esse
411 768 584 834 Maronem
597 769 759 847 Homero,
774 770 829 832 cni
844 767 995 833 Deorum
1018 768 1215 833 interm

111 891 249 955 non-pro
264 870 417 954 figmento
432 878 465 937 et
484 872 633 955 Jucundo
656 871 828 937 mendacio
845 876 933 934 erat:
955 867 1021 933 sed
1034 888 1094 934 res
1107 886 1131 933 a
1143 870 1222 953 prb-

113 976 164 1039 cie
177 973 363 1039 hominibus
377 974 503 1038 credita
512 992 553 1037 ac
567 973 700 1051 tradim,
716 992 757 1037 ac
768 977 916 1037 veterum
925 974 1069 1035 aetatum
1082 970 1213 1052 ingmiis

111 1081 147 1142 et
158 1074 325 1141 mentibus
343 1077 391 1139 ita
414 1075 631 1157 frequentata,
646 1075 725 1159 ipso
740 1075 899 1138 sermonis
913 1072 1025 1155 genio,
1041 1072 1214 1137 carmin-

112 1182 273 1264 perpetno
287 1182 489 1259 argumento,
512 1177 732 1241 narrationum
749 1176 793 1239 ad
807 1174 942 1239 solitum
963 1172 1163 1256 exemplum
1173 1173 1216 1237 in·

113 1281 297 1363 stitutamm
311 1298 402 1342 more
413 1297 454 1342 ac
475 1278 722 1355 consuetudine,
737 1283 805 1341 tam
819 1274 992 1339 familiaris
1007 1272 1115 1351 saon,
1124 1279 1163 1339 nt
1173 1274 1216 1339 ri·

113 1380 202 1460 dere,
217 1380 342 1458 audire,
369 1380 464 1444 Deos
489 1379 751 1444 sibividerentur
764 1380 800 1442 in
823 1376 941 1442 mediis
954 1376 1059 1440 rebus
1084 1373 1215 1458 agendis

113 1487 293 1548 versantes.
336 1480 438 1559 Juno,
454 1481 551 1565 cujus
572 1487 642 1545 arte
655 1486 690 1545 et
700 1479 838 1544 consilio
853 1476 974 1542 classis
996 1475 1212 1560 Trojaoorrm

112 1603 133 1647 e
147 1583 264 1650 Sicilia
278 1584 413 1649 Italiam
431 1589 554 1668 'petens
575 1582 721 1666 primum
734 1581 777 1646 ad
800 1578 927 1646 Africa
942 1579 1060 1644 littora
1077 1584 1215 1661 tempes-

112 1691 182 1749 tate
204 1686 316 1751 delata
337 1685 412 1769 (lib.
431 1702 456 1763 1,
472 1685 516 1750 38
529 1682 634 1769 sqq),
663 1703 755 1761 mox,
774 1703 850 1747 cum
871 1681 993 1745 amaa
1016 1679 1083 1744 lroc
1110 1683 1215 1745 actu

112 1790 213 1862 esset,
227 1792 265 1850 ut
279 1786 424 1850 Didonis
449 1805 561 1850 amore
585 1786 728 1850 irretitus
745 1784 875 1849 AEneas
890 1780 1091 1864 Carthagine
1104 1780 1215 1851 tetim-

111 1892 211 1965 retur,
225 1888 261 1951 in
274 1885 394 1950 Sicilia
408 1887 582 1950 combusta
595 1884 702 1950 fuerat
721 1885 798 1969 (lib.
815 1901 850 1961 ν,
864 1883 930 1949 664
940 1878 1049 1966 sqq.),
1065 1882 1126 1946 ubi
1138 1880 1215 1947 'lio

80 2070 82 2074 μ
109 1986 211 2071 janos
236 1987 281 2060 ad
294 1987 386 2052 Latii
408 1987 499 2051 littus
513 1987 683 2070 appulisse
697 1985 789 2050 videt
809 1983 895 2069 (vu,
909 1982 976 2049 286
989 1984 1094 2066 sqq-l,
1106 2001 1151 2046 ne
1172 1982 1217 2047 ni·

112 2088 172 2168 bil,
188 2106 257 2173 quo
272 2087 343 2154 fata
368 2088 497 2153 differre
512 2089 631 2153 saltem
652 2088 776 2165 liceret,
791 2088 985 2151 munaum
1005 2083 1216 2170 relinqueret,

111 2209 213 2256 unam
225 2211 270 2255 ex
286 2190 398 2254 Furiis
417 2190 589 2254 excitatet
602 2188 736 2253 Latium
760 2186 940 2252 discordiis
952 2187 1083 2251 miscet
1128 2184 1216 2250 Dum

113 2291 240 2356 AEneas
265 2293 385 2357 absens
415 2291 561 2357 Evandri
589 2297 622 2355 et
648 2291 864 2355 Etruscorum
885 2287 1015 2353 auxilia
1043 2285 1216 2370 conquirit,

111 2391 294 2477 Venusque
308 2401 412 2459 mater
426 2395 456 2458 ei
469 2413 562 2458 arma
579 2394 726 2458 Vulcani
740 2398 809 2457 arte
822 2396 920 2476 parat
943 2393 1044 2468 (vm,
1058 2389 1126 2454 370
1140 2384 1216 2471 sq),

111 2492 135 2557 J
136 2513 203 2558 uno
220 2494 309 2559 Iride
332 2496 436 2559 missa
450 2495 599 2559 Turnum
613 2495 749 2570 excitat,
765 2498 801 2557 ut
824 2492 934 2556 AEnea
948 2490 1088 2554 absente
1101 2487 1215 2571 Troja-

113 2613 230 2659 nornm
245 2601 354 2660 castra
380 2616 439 2660 seu
462 2597 578 2660 urbem
592 2615 633 2660 ac
657 2595 856 2659 munitiones
878 2595 1066 2676 oppugnet3
1088 2590 1146 2654 lib.
1164 2603 1216 2666 rx,

112 2696 132 2759 l
144 2715 219 2779 sqq.
265 2696 355 2759 Inter
367 2698 452 2760 hanc
471 2698 753 2780 oppugnationem
766 2695 895 2761 'liunus
908 2695 942 2759 in
957 2697 1071 2757 castra
1089 2692 1161 2775 jain
1175 2693 1215 2756 ir·

109 2801 261 2878 ruperat:
285 2816 361 2860 cum
383 2796 508 2861 Junoni
531 2817 591 2880 per
614 2797 736 2861 Iridcm
752 2797 873 2862 aJove
895 2796 1033 2860 missam
1056 2793 1217 2885 interdici·

110 2901 172 2974 tur,
186 2916 227 2960 ne
240 2888 376 2962 ulterius
390 2918 452 2982 pro
471 2898 587 2964 Turno
603 2899 781 2964 contendat
805 2907 838 2964 et
856 2899 1015 2981 inpugna
1039 2897 1214 2961 allaboret:

110 2997 192 3064 ibid.
209 3015 266 3078 rx,
278 2999 344 3066 802
359 3020 434 3085 sqq.

153 3099 302 3168 Consilio
315 3102 440 3182 habito,
459 3103 592 3188 Jupiter
607 3105 684 3169 Diis
699 3102 896 3187 persuadere
911 3101 996 3180 vult,
1011 3106 1048 3165 nt
1070 3096 1214 3164 dissidiis

111 3205 306 3288 compositis
320 3205 399 3269 nibil
412 3207 499 3270 ultra
512 3206 727 3285 intercedant,
742 3225 808 3289 quo
823 3206 932 3269 minus
945 3203 1058 3268 fatalis
1074 3203 1169 3267 sedes
1183 3201 1213 3264 in

111 3301 212 3369 ltalia
237 3306 355 3370 AEneae
386 3307 567 3389 contingat:
604 3309 664 3372 lib.
696 3325 736 3386 x,
765 3308 786 3372 l
817 3327 891 3390 sqq.
935 3302 1212 3388 Quandoquidem

111 3407 246 3471 monitis
260 3407 478 3491 precibusque
493 3410 617 3474 nullum
629 3411 702 3475 dari
716 3413 828 3477 locum
838 3409 939 3485 videt,
954 3407 1139 3491 objrngatis
1149 3422 1214 3488 gra·

110 3507 195 3570 viter
211 3508 288 3571 Diis
302 3507 460 3586 declarat,
486 3510 565 3574 satis
580 3531 617 3574 se
640 3514 752 3577 omnia
766 3531 840 3575 csse
854 3510 1093 3594 permissurum
1107 3529 1141 3572 v.
1156 3506 1213 3571 10⁵

110 3626 185 3691 sqq.
230 3607 307 3672 Nec
327 3614 435 3673 tamen
448 3609 512 3675 hoc
527 3610 576 3676 ita
588 3612 757 3677 observari
772 3612 888 3676 videas
910 3612 945 3674 in
959 3628 1049 3693 sqq„
1064 3607 1214 3692 quinia.

108 3715 205 3774 turna
225 3709 373 3775 Turnum
395 3711 528 3777 fratrem
541 3718 684 3793 moneat,
702 3722 739 3781 ut
754 3714 903 3779 Lausum
918 3711 1085 3776 Pallantis
1114 3708 1213 3776 mani·

109 3811 173 3877 bns
186 3811 309 3896 eripiat
329 3833 363 3877 v.
379 3815 456 3880 438.
500 3815 522 3880 J
525 3836 591 3881 uuo
606 3822 717 3882 antem
732 3817 807 3899 ipsa
827 3815 975 3879 Turnum
988 3813 1086 3878 eluso
1108 3813 1212 3877 AEnea

108 3930 230 3996 pugnae
252 3914 435 3981 subducat:
457 3937 489 3982 v.
504 3919 581 3983 606.
625 3915 748 3981 Contra
759 3914 860 3980 Jovis
876 3914 1003 3979 monitu
1027 3912 1210 3979 Mezentius

110 4016 144 4081 in
157 4036 305 4100 pugnam
326 4018 476 4084 succedit
489 4039 522 4084 v.
546 4020 623 4087 689.
667 4017 757 4084 Jnno
782 4019 826 4083 ad
839 4018 961 4083 coelum
983 4016 1098 4081 statim
1116 4015 1215 4080 redie-

110 4123 161 4184 rat
179 4121 227 4198 (r.
242 4120 318 4187 668.
340 4118 433 4207 664).
477 4120 569 4188 Nam
586 4121 779 4208 paulopost
800 4140 843 4187 ea
864 4139 943 4186 cum
978 4118 1113 4186 Venere
1137 4118 1214 4184 inter
