2664 4686
464 353 515 401 nn
539 346 709 402 marinos
733 342 805 402 1111.
831 356 870 404 οι.
1132 343 1219 410 alls

111 478 287 573 tamesae,
306 492 380 579 jam
405 496 607 580 antiquiores
629 516 780 561 narrasse
802 498 964 564 videntur.
1009 501 1148 568 Servata
1161 506 1221 570 illa

111 597 150 660 in
164 599 294 681 reliqna
314 597 440 680 praeda,
463 599 657 681 tandemque
672 606 758 663 sorte
772 600 872 664 ducta
896 599 1133 682 Agamemnoni
1148 626 1219 671 ces-
1302 592 1308 601 ’

115 703 218 763 serat.
263 695 365 781 Apud
393 698 551 762 Proclum
576 700 610 761 in
632 706 822 781 argumento
848 700 977 767 Arctini
997 704 1084 766 'laton
1107 704 1219 799 τέςσιος

114 799 180 862 hoc
192 818 295 863 111111111
310 805 475 863 narratur:
501 798 690 887 Κασσάνδραν
704 800 733 860 δὲ
754 797 825 873 Αἴας
841 799 959 875 ’oleion
977 805 1045 890 τςδς
1059 803 1126 882 βιάν
1150 811 1221 871 ιὀτο-

113 905 195 961 στῶν
203 897 408 974 συνεφέλκεται
429 900 460 962 τδ
481 904 530 975 τῆς
550 900 663 977 Ἀθηνᾶς
684 901 786 977 ξύανον·
810 904 913 985 (quod
930 904 1120 972 Cassandra
1134 910 1218 976 Deae

112 1001 273 1084 supplex,
283 1000 456 1078 ἱκετεύουσα,
465 1002 623 1084 amplexa
630 1008 725 1080 erat)
737 1005 776 1084 ἐφ’
787 998 811 1089 ᾦ
823 1001 1031 1089 παροξυνθέντες
1040 1011 1064 1067 ol
1076 1002 1219 1085 Ἕλληνες

113 1106 296 1165 καταλεῦσαι
311 1102 490 1180 βουλεύονται
505 1104 552 1165 τὸν
576 1101 695 1166 Αἴαντα·
720 1109 733 1166 ὁ
757 1106 784 1167 δὲ
800 1107 841 1167 ist
858 1106 906 1167 τδν
924 1112 972 1185 τῆς
988 1107 1104 1184 Ἀθηνᾶς
1122 1113 1220 1193 βωμὸν

115 1202 292 1288 καταφνύγει
307 1206 355 1267 καὶ
368 1203 533 1284 διασώζεται
547 1205 579 1265 διε
590 1210 639 1268 τοῦ
655 1205 823 1286 ἐπικειμένου
833 1204 962 1270 κινδύνου.
1007 1208 1161 1293 Appmt
1173 1232 1221 1279 ex

106 1304 180 1381 tris,
194 1303 340 1370 tabulam
354 1308 509 1371 disertius
523 1307 629 1371 fuisso
643 1315 819 1373 tractatam
835 1310 870 1372 in
884 1328 925 1374 eo
941 1312 1096 1376 carmine.
1141 1312 1221 1379 Fuit

112 1406 202 1471 enim
226 1405 320 1490 Ajax
342 1408 376 1470 in
395 1407 558 1490 judicium
580 1416 717 1499 vocatus
740 1417 874 1494 propter
895 1412 1122 1494 sacrilegium
1155 1414 1220 1480 hoc

112 1512 167 1571 est
181 1506 349 1591 judicium
377 1508 470 1585 illud,
494 1509 583 1592 qnod
605 1511 639 1573 in
661 1510 791 1574 Poecile
816 1513 941 1593 pictum
966 1518 1038 1576 eret
1060 1511 1218 1580 Athenis:
1326 1588 1329 1593 ,

114 1604 264 1670 Pausan.
281 1625 305 1685 1,
321 1595 365 1671 15
377 1629 410 1690 p.
425 1610 478 1673 37.
494 1614 517 1670 ci
533 1608 662 1683 βασιλεῖς
672 1607 852 1694 ἠθροισμένοι,
865 1613 909 1672 διὰ
920 1611 951 1673 οδ
966 1608 1083 1685 Αἴαντος
1094 1614 1120 1688 ὃς
1135 1620 1219 1677 liae·-

112 1706 237 1794 σάνδςαν
261 1707 406 1790 τόλμημα·
439 1716 473 1773 et
496 1711 637 1793 Delphis
660 1712 694 1773 in
719 1711 845 1775 lesclre
860 1731 881 1775 a
895 1712 1083 1796 Polygnoto
1107 1717 1219 1798 pictus

113 1810 206 1897 Ajax
220 1817 291 1875 erat
304 1808 450 1891 ὀμνύμενος
464 1810 531 1897 iniq
555 1816 604 1873 τοῦ
623 1812 649 1884 ἐς
668 1811 857 1896 Κασσάνδραν
871 1811 1056 1893 τολμήματος
1072 1815 1218 1883 Ρ111181111.

114 1928 155 1990 x,
169 1913 226 1977 26.
270 1912 408 1976 Videtur
423 1913 508 1976 adeo
530 1912 623 1996 Ajax
636 1914 805 1996 professus
819 1934 903 1992 asse,
919 1915 996 1979 falsi
1016 1934 1053 1980 se
1075 1919 1220 1984 criminis

113 2015 281 2090 accusari,
296 2034 358 2078 nec
372 2016 440 2078 vim
451 2015 571 2096 puellae
587 2035 608 2078 a
622 2034 658 2078 se
674 2034 748 2078 esse
767 2015 901 2079 lactem.
946 2014 1103 2098 Ulyssem
1118 2036 1219 2083 acen·

113 2118 234 2181 satoris
252 2121 362 2200 partes
375 2118 483 2197 egisse
497 2135 540 2179 ex
556 2136 584 2179 c.
599 2117 654 2180 31.
670 2138 719 2200 pr.
730 2117 879 2198 colligas,
896 2118 945 2181 nti
956 2122 992 2181 et
1003 2119 1083 2181 alibi
1096 2138 1220 2184 memo-

113 2217 181 2280 rari
194 2218 341 2293 memini,
357 2216 637 2297 Agamemnonem
660 2216 807 2279 fraudem
829 2214 928 2299 Ajaci
951 2235 1025 2280 esse
1049 2218 1219 2284 machina-

112 2326 199 2395 tum,
226 2327 262 2384 nt
290 2319 492 2393 Cassandra,
528 2319 624 2398 cujus
654 2336 762 2380 amore
792 2322 911 2399 captus
937 2322 1020 2397 erat,
1048 2320 1219 2403 potiretur.

114 2419 224 2485 Duxit
244 2418 322 2483 inde
337 2425 522 2482 commenta
533 2437 594 2479 sna
608 2416 827 2480 Philostratus
840 2417 876 2479 in
890 2417 1028 2482 Heroic.
1043 2420 1076 2483 8.
1107 2418 1221 2505 Stupri

113 2540 249 2605 qnoque
264 2520 308 2583 ab
324 2516 431 2601 Ajace
443 2519 526 2582 illati
541 2518 734 2580 memoratio
748 2517 809 2579 vix
822 2515 912 2599 apud
933 2536 991 2581 eos
1012 2520 1122 2600 potuit
1134 2540 1219 2600 esse,

94 2622 172 2702 ,qui
190 2618 470 2702 Agamemnonem
486 2638 595 2682 amore
621 2617 818 2682 Cassandrea
845 2619 1013 2682 incensrnn
1036 2621 1072 2682 in
1086 2639 1220 2686 scenam

112 2720 353 2802 produxerant:
378 2728 413 2784 ut
436 2719 612 2801 Euripides
635 2718 757 2810 lioad.
773 2719 859 2782 etal.
905 2717 1001 2782 Unde
1028 2725 1064 2785 et
1088 2720 1222 2786 Horatii

112 2840 231 2886 versus
248 2838 289 2899 11,
307 2825 340 2886 4.
356 2825 389 2900 7,
404 2823 436 2886 8.
482 2818 600 2883 ‘Arsit
614 2818 750 2882 Atrides
773 2818 882 2882 medio
904 2821 937 2881 in
957 2820 1123 2903 triumpho
1143 2821 1221 2886 Vir-

112 2924 187 3005 gine
216 2925 336 3007 rapta.’
389 2922 458 3000 Qui
485 2920 742 3002 Agamemnonis
764 2938 908 2982 amorem
939 2922 1129 2998 narrabant,
1159 2924 1221 2988 vix

111 3026 265 3091 vitiatam
290 3028 333 3091 ab
367 3026 473 3109 Ajace
499 3023 721 3087 Cassandram
741 3041 870 3085 narrare
901 3028 1048 3105 potuero.
1095 3025 1221 3090 Verum

111 3126 287 3193 redeamus
301 3128 344 3191 ad
359 3127 591 3191 Cassandram.

158 3227 263 3293 Hanc
280 3229 442 3294 Minervae
464 3229 649 3312 supplicem
671 3225 803 3302 iactam,
818 3246 895 3290 cum
910 3226 953 3288 ab
968 3224 1077 3309 Ajace
1099 3228 1221 3294 abduc-

114 3334 182 3393 tam
196 3331 295 3413 primi
309 3336 460 3393 auctores
481 3333 737 3406 memorassent3
760 3325 909 3410 adjecere
925 3327 982 3390 alii
1002 3333 1035 3390 et
1055 3328 1175 3410 cyclici
1188 3337 1223 3395 et

114 3432 233 3514 tragici
247 3431 317 3495 vim
332 3432 375 3495 ab
390 3450 430 3495 eo
444 3428 640 3494 Cassandra
656 3429 774 3512 pudori
784 3429 918 3505 iactam,
932 3427 1064 3492 tandem
1073 3435 1222 3514 stuprum

110 3534 238 3618 inipso
250 3533 375 3616 templo
398 3534 432 3596 in
454 3538 635 3615 conspectu
650 3532 734 3596 Deae
761 3530 895 3595 iactum.
942 3530 1084 3594 Utuntur
1097 3540 1222 3598 veteres

118 3632 297 3709 vocabulo,
313 3631 404 3717 qnod
419 3654 487 3697 rem
509 3633 575 3696 lere
587 3632 775 3713 ambiguam
796 3630 889 3707 facit,
913 3627 1056 3707 ἕλκεσθαι,
1072 3634 1221 3713 lancklar,

118 3732 278 3807 ἒλιύεσδαι,
293 3734 384 3819 qnod
399 3741 431 3798 et
453 3735 494 3799 de
520 3733 681 3795 abstractis
695 3735 728 3796 in
745 3734 985 3814 captivitatem,
1001 3740 1034 3798 et
1055 3731 1092 3796 de
1106 3735 1138 3797 οἱ
1158 3757 1223 3798 cor·

116 3830 187 3919 pon·
200 3834 309 3911 illuto,
325 3835 394 3900 dici
417 3837 561 3912 solitum,
578 3836 620 3899 ad
647 3837 753 3918 ipsam
776 3836 970 3898 narrationis
993 3835 1224 3918 amplificatio·

120 3952 194 4002 nem
207 3937 330 4002 ducere
354 3940 484 4021 potnit;
505 3956 583 4001 nam
597 3935 718 4021 ἄγεσθαι
734 3936 933 4000 vocabulum
956 3955 1139 4014 commune,
1154 3955 1224 4001 am-

123 4036 310 4121 biguitatem
338 4056 414 4103 cam
440 4039 531 4105 hand
559 4038 722 4119 admittit3
757 4058 791 4104 v.
816 4058 846 4104 c.
872 4038 971 4102 Iliad.
995 4046 1034 4114 ll,
1055 4037 1131 4103 332.
1175 4035 1225 4104 At

126 4135 244 4224 odyss.
259 4148 299 4217 Δ,
323 4141 400 4206 579.
445 4140 565 4224 Tityus
590 4139 729 4205 latonae
756 4141 825 4205 vim
839 4138 956 4204 inserte
981 4137 1095 4203 voluit.
1139 4135 1224 4217 Λντοδ
