2664 4686
249 339 300 386 ιι)
322 337 495 387 anninus
519 338 591 388 ιιι.
615 340 699 388 νιιι.
937 327 1023 395 ’4661

92 480 533 566 ‚estVirgilioinAnglioum
541 502 722 549 sermonem
734 483 1025 553 aWar'touoaliis-

92 602 171 647 rereo
194 585 256 646 sub
279 584 377 649 Tom.
404 602 449 647 ιιι
472 584 569 648 finem
591 585 772 668 disputatio
793 585 926 668 elegans
947 588 1024 655 viri

92 684 108 750 '.
124 684 333 764 ii'hitehead,
356 706 455 770 super
468 687 531 751 hoe
546 688 678 772 clypeo,
703 687 829 771 inquo
852 688 907 753 ilie
930 708 1026 774 argu·

92 792 190 851 return
204 793 237 850 et
253 772 411 852 rationem
426 791 473 853 ita
492 793 609 866 tuetur,
632 796 669 854 ut
691 790 836 854 civitatis
858 789 1023 856 Romanae

92 896 98 954 t
115 890 338 985 conditionem
361 890 438 954 inde
461 892 504 955 ab
523 892 647 973 origine
662 891 881 975 persingulas
895 897 1023 971 aetates,

105 1011 267 1055 salmurum
293 1012 393 1077 opum
417 992 596 1075 fastigium,
623 1012 690 1077 quo
714 993 757 1057 ab
781 991 934 1076 Angusto
962 994 1021 1059 ilia

92 1099 149 1170 ast,
175 1094 317 1157 describi
340 1095 448 1173 dicat3
481 1094 613 1158 omissis
641 1098 751 1157 tamen
773 1094 829 1172 iis,
855 1113 931 1179 quae
949 1095 1022 1179 jani

92 1214 115 1258 a
128 1196 290 1276 attigerat,
305 1217 339 1261 v.
356 1217 387 1262 e.
402 1197 479 1261 AEn.
494 1213 546 1273 vr,
560 1196 626 1260 766
639 1215 691 1278 eq.
728 1194 900 1280 Expressa
912 1197 1023 1281 itaqua

92 1315 97 1357 ι
111 1298 302 1380 primordia,
318 1306 432 1383 raptae
446 1299 602 1376 Sabinus,
617 1296 792 1382 foedusque
803 1297 939 1376 facturn,
951 1317 1020 1382 quo

92 1401 234 1463 norbem
250 1402 395 1483 receptis
406 1401 641 1465 incrementum
652 1399 726 1482 jam
737 1400 898 1482 insignius
909 1399 1021 1464 Roma

91 1519 171 1563 mox
185 1499 319 1564 ioederis
331 1503 418 1584 rupti
429 1520 563 1585 poenam
576 1500 659 1565 Meti
670 1501 834 1585 supplicio
845 1500 1017 1566 inflictum:

92 1621 100 1663 ι
114 1607 243 1684 partam
257 1604 390 1684 regibus
404 1603 539 1686 ejectis:
562 1602 688 1666 beilum
711 1600 877 1665 Gallicum
892 1609 926 1667 et
949 1600 1020 1666 Ro·

92 1707 223 1782 rratam3
246 1704 419 1784 religiones
433 1722 494 1785 per
506 1703 631 1780 Salios,
646 1701 828 1786 Lupercos,
842 1706 876 1765 et
890 1698 1019 1767 Matro-

92 1808 208 1866 rratas:
233 1804 370 1886 praemia
391 1809 426 1867 et
446 1821 566 1885 poenne
595 1802 687 1886 apud
710 1801 857 1868 roseros:
889 1801 1020 1867 tandem

92 1955 94 1966 .
118 1904 303 1983 victoriam,
329 1925 397 1989 qua
411 1903 567 1969 terrarum
582 1905 655 1969 orbi
667 1923 739 1988 pax
753 1909 786 1969 et
798 1903 1021 1989 tranquillitos

92 2010 244 2089 zaptaque
270 2025 314 2070 ex
337 2005 493 2070 fluetibus
521 2005 674 2070 civilibus
696 2004 816 2069 civitae
839 2021 920 2067 mox
943 2002 1020 2067 iurte
1102 2036 1104 2046 ‹

92 2103 231 2186 ingusto
244 2107 411 2190 principe:
433 2111 472 2170 ut
484 2105 566 2169 illud
579 2105 747 2188 Propertii
759 2103 816 2167 lib.
833 2120 891 2180 111,
906 2104 960 2182 11,
975 2104 1019 2169 50

92 2212 169 2271 rtur:
193 2212 203 2240 ‘
217 2227 300 2291 cape
323 2206 435 2271 Roma
447 2204 646 2303 triunpphum
660 2203 704 2269 Et
717 2203 851 2284 longum
863 2202 1017 2286 Augusto

92 2326 159 2371 :are
173 2306 283 2371 diem!
924 2345 929 2353 ·

92 2427 166 2472 uam
187 2410 273 2473 hane
294 2427 369 2473 esse
384 2408 493 2491 oiypei
506 2405 739 2471 enarrationem
751 2424 820 2469 non
832 2424 938 2489 nego:
960 2424 1016 2470 ve-

92 2508 135 2573 lla
149 2511 192 2572 sit
204 2510 302 2572 nimis
317 2511 497 2591 ingeniosa,
512 2526 574 2571 nec
587 2506 713 2571 idoneis
726 2526 834 2570 rerum
847 2526 1016 2589 argumen-

92 2618 157 2676 ita:
180 2630 246 2674 non
271 2610 358 2673 enim
383 2609 545 2673 deiectum
570 2627 677 2671 rerum
699 2608 735 2671 in
758 2606 878 2690 clypeo
903 2607 1016 2691 sculp-

92 2712 273 2775 institutum
289 2710 450 2788 videmus,
475 2714 513 2774 ut
534 2709 679 2774 civitatis
697 2708 859 2773 Romanae
873 2707 942 2774 saa
954 2728 1016 2794 po·

92 2812 346 2895 reomprehensa
363 2812 438 2876 sint.
484 2810 563 2875 Hoc
587 2810 688 2891 igitur
712 2811 820 2893 primo
844 2808 920 2874 loeo
944 2817 1016 2876 erat

92 2944 106 2991 ι,
131 2914 277 2977 civitatis
301 2912 466 2978 Romanae
491 2911 652 2975 fortunam
680 2930 740 2994 per
767 2911 842 2975 haec
868 2913 1014 2976 maxime

92 3022 176 3080 renta
189 3035 265 3079 esse
279 3016 508 3081 constitutam.¹

408 3213 516 3267 NOTA.

92 3339 118 3376 re
129 3326 232 3378 ratione
241 3327 395 3379 autumabat
404 3327 444 3376 vir
482 3325 628 3388 mullorum,
639 3322 713 3388 aequi
723 3323 885 3374 incrementa
896 3321 968 3373 oron
979 3336 1013 3374 ex

92 3403 115 3453 ia
142 3405 175 3455 ad
202 3421 244 3455 me
267 3406 334 3456 datio
359 3405 443 3455 terion
482 3402 556 3452 novis
567 3401 668 3452 civibus
680 3401 779 3451 Sabini·
790 3399 912 3465 ”criptis
921 3415 946 3452 v.
956 3404 1014 3466 666,

92 3495 144 3529 ram
159 3481 185 3529 in
202 3481 378 3530 Romanorum
392 3483 442 3545 opi·
481 3494 561 3530 novor
584 3487 675 3530 auctae
697 3492 745 3544 per
767 3477 882 3528 Albanae
904 3478 1013 3529 nomam

104 3558 227 3608 exhibere
253 3559 364 3608 voiuiree
382 3559 442 3623 poti-
481 3555 616 3605 traductos
634 3555 824 3620 (declaratorne
846 3568 895 3619 per
916 3552 1013 3620 suppli·

92 3647 143 3683 eum
163 3635 247 3698 ipsum
264 3635 370 3684 innuere
384 3651 440 3700 pur-
480 3632 550 3680 oium
568 3630 652 3680 Meti?
672 3629 741 3692 642),
762 3627 891 3683 redditam
906 3629 968 3681 iude
983 3635 1013 3680 et

94 3727 100 3758 :
119 3725 143 3759 v.
156 3716 204 3760 626
216 3712 223 3739 ‘
234 3708 293 3761 Illic
306 3725 346 3760 ree
358 3713 439 3762 italae
480 3705 608 3756 firmatam
620 3705 768 3755 libertatem
779 3706 914 3755 Porsenna
927 3704 961 3756 ab
972 3719 1013 3754 nr·

91 3804 132 3854 pue
151 3790 380 3853 triumphare-illic
397 3805 440 3854 ge.
481 3782 514 3832 be
537 3782 647 3846 depulso
665 3785 723 3845 646,
744 3788 773 3831 et
792 3781 882 3832 urbem
898 3796 915 3830 a
930 3779 1013 3831 Gellio

92 3879 149 3914 urae
161 3865 252 3929 Stirpis
268 3865 301 3914 ab
315 3865 438 3928 Ascanio,
479 3860 617 3909 liberatem
627 3863 684 3915 6⁶2.
719 3858 847 3910 Omiaaam
858 3870 916 3909 eree
931 3856 1013 3908 victo·

92 3940 117 3988 in
134 3942 224 3989 ordine
241 3941 326 4004 beiia'
346 3947 400 3990 tom
412 3942 439 3990 in
479 3936 544 3986 rium
566 3937 599 3986 de
622 3937 724 4000 Pyrrho
745 3941 775 3986 et
792 3935 890 3997 Poenie,
912 3932 1011 3998 quiippe

92 4017 168 4066 oilenr
177 4017 284 4067 humero
292 4016 439 4082 famamque
479 4028 556 4078 quarn
568 4013 625 4077 jam
636 4011 702 4062 iibro
712 4026 743 4062 vr
753 4011 878 4062 Aneirim
886 4022 1013 4060 memora·

92 4091 148 4147 ard
164 4094 210 4159 (de
225 4094 287 4144 reric
302 4101 389 4144 tamen
403 4093 440 4143 ui·
478 4096 553 4140 verat
563 4088 638 4154 (rofio
648 4087 778 4150 obscure).
810 4086 870 4139 Junr
886 4081 977 4149 subjici
994 4099 1010 4134 a

92 4172 171 4226 Docta
184 4168 251 4222 aeria
268 4185 284 4221 a
299 4175 378 4237 parto
395 4184 440 4235 ge-
479 4168 558 4234 potu
576 4181 666 4219 auru
686 4165 903 4217 heremum
924 4167 1009 4216 anto
