<?xml version="1.0" encoding="UTF-8"?>
<!DOCTYPE html PUBLIC "-//W3C//DTD XHTML 1.0 Transitional//EN"
    "http://www.w3.org/TR/xhtml1/DTD/xhtml1-transitional.dtd">
<html xmlns="http://www.w3.org/1999/xhtml" xml:lang="en" lang="en">
 <head>
  <title>
</title>
<meta http-equiv="Content-Type" content="text/html;charset=utf-8" />
  <meta name='ocr-system' content='tesseract 3.04.00' />
  <meta name='ocr-capabilities' content='ocr_page ocr_carea ocr_par ocr_line ocrx_word'/>
</head>
<body>
  <div class='ocr_page' id='page_1' title='image "./pvirgiliimaroni00virggoog/pvirgiliimaroni00virggoog_0295.png"; bbox 0 0 2664 4686; ppageno 0'>
   <div class='ocr_carea' id='block_1_1' title="bbox 195 301 900 367">
    <p class='ocr_par' dir='ltr' id='par_1_1' title="bbox 195 301 900 367">
     <span class='ocr_line' id='line_1_1' title="bbox 195 301 900 367; baseline -0.007 0"><span class='ocrx_word' id='word_1_1' title='bbox 195 301 286 367; x_wconf 66' lang='lat'><strong>⁴2¹⁰</strong></span> <span class='ocrx_word' id='word_1_2' title='bbox 589 314 789 364; x_wconf 74' lang='lat' dir='ltr'><strong>ucoasus</strong></span> <span class='ocrx_word' id='word_1_3' title='bbox 810 313 900 364; x_wconf 85' lang='lat' dir='ltr'><strong>xrrr.</strong></span> 
     </span>
    </p>
   </div>
   <div class='ocr_carea' id='block_1_2' title="bbox 162 465 1322 3779">
    <p class='ocr_par' dir='ltr' id='par_1_2' title="bbox 162 465 1322 3779">
     <span class='ocr_line' id='line_1_2' title="bbox 195 465 1287 553; baseline 0 -20"><span class='ocrx_word' id='word_1_4' title='bbox 195 487 322 543; x_wconf 90' lang='lat' dir='ltr'><strong>eorum,</strong></span> <span class='ocrx_word' id='word_1_5' title='bbox 331 485 410 549; x_wconf 84' lang='lat' dir='ltr'><strong>qnae</strong></span> <span class='ocrx_word' id='word_1_6' title='bbox 424 465 703 548; x_wconf 77' lang='lat' dir='ltr'><strong>excogitaverant,</strong></span> <span class='ocrx_word' id='word_1_7' title='bbox 717 465 761 530; x_wconf 81' lang='lat' dir='ltr'><strong>arl</strong></span> <span class='ocrx_word' id='word_1_8' title='bbox 772 467 1130 550; x_wconf 66' lang='lat' dir='ltr'><strong>m-expositioae</strong></span> <span class='ocrx_word' id='word_1_9' title='bbox 1141 472 1287 553; x_wconf 61' lang='lat' dir='ltr'><strong>eliqua</strong></span> 
     </span>
     <span class='ocr_line' id='line_1_3' title="bbox 195 567 1285 645; baseline -0.001 -11"><span class='ocrx_word' id='word_1_10' title='bbox 195 570 381 634; x_wconf 85' lang='lat' dir='ltr'><strong>sentationo</strong></span> <span class='ocrx_word' id='word_1_11' title='bbox 396 570 508 632; x_wconf 89' lang='lat' dir='ltr'><strong>omnia</strong></span> <span class='ocrx_word' id='word_1_12' title='bbox 529 570 765 645; x_wconf 83' lang='lat' dir='ltr'><strong>enuntiantem,</strong></span> <span class='ocrx_word' id='word_1_13' title='bbox 778 567 970 632; x_wconf 78' lang='lat' dir='ltr'><strong>samilnrem</strong></span> <span class='ocrx_word' id='word_1_14' title='bbox 992 570 1062 633; x_wconf 87' lang='lat' dir='ltr'><strong>sibi</strong></span> <span class='ocrx_word' id='word_1_15' title='bbox 1084 569 1285 635; x_wconf 62' lang='lat' dir='ltr'><strong>renuidem</strong></span> 
     </span>
     <span class='ocr_line' id='line_1_4' title="bbox 195 670 1286 755; baseline 0 -20"><span class='ocrx_word' id='word_1_16' title='bbox 195 670 337 735; x_wconf 84' lang='lat' dir='ltr'><strong>Cornea</strong></span> <span class='ocrx_word' id='word_1_17' title='bbox 358 670 783 735; x_wconf 81' lang='lat' dir='ltr'><strong>aetatesermonisnonrlum</strong></span> <span class='ocrx_word' id='word_1_18' title='bbox 801 678 891 734; x_wconf 86' lang='lat' dir='ltr'><strong>esset</strong></span> <span class='ocrx_word' id='word_1_19' title='bbox 909 671 1078 734; x_wconf 79' lang='lat' dir='ltr'><strong>subtilitas</strong></span> <span class='ocrx_word' id='word_1_20' title='bbox 1098 676 1208 748; x_wconf 55' lang='lat' dir='ltr'><strong>aaut</strong></span> <span class='ocrx_word' id='word_1_21' title='bbox 1225 690 1286 755; x_wconf 79' lang='lat' dir='ltr'><strong>po</strong></span> 
     </span>
     <span class='ocr_line' id='line_1_5' title="bbox 194 770 1285 855; baseline -0.001 -19"><span class='ocrx_word' id='word_1_22' title='bbox 194 770 393 855; x_wconf 73' lang='lat' dir='ltr'><strong>prieefferre</strong></span> <span class='ocrx_word' id='word_1_23' title='bbox 411 777 614 853; x_wconf 81' lang='lat' dir='ltr'><strong>possentres</strong></span> <span class='ocrx_word' id='word_1_24' title='bbox 634 770 982 855; x_wconf 74' lang='lat' dir='ltr'><strong>intelligibiles,utque</strong></span> <span class='ocrx_word' id='word_1_25' title='bbox 1006 770 1153 835; x_wconf 67' lang='lat' dir='ltr'><strong>meone</strong></span> <span class='ocrx_word' id='word_1_26' title='bbox 1177 772 1285 854; x_wconf 69' lang='lat' dir='ltr'><strong>ungite</strong></span> 
     </span>
     <span class='ocr_line' id='line_1_6' title="bbox 193 870 1283 956; baseline -0.003 -19"><span class='ocrx_word' id='word_1_27' title='bbox 193 880 267 937; x_wconf 88' lang='lat' dir='ltr'><strong>rent</strong></span> <span class='ocrx_word' id='word_1_28' title='bbox 286 872 421 956; x_wconf 84' lang='lat' dir='ltr'><strong>quidem</strong></span> <span class='ocrx_word' id='word_1_29' title='bbox 448 873 520 934; x_wconf 85' lang='lat' dir='ltr'><strong>sine</strong></span> <span class='ocrx_word' id='word_1_30' title='bbox 547 870 733 953; x_wconf 71' lang='lat' dir='ltr'><strong>symbolica</strong></span> <span class='ocrx_word' id='word_1_31' title='bbox 758 870 872 953; x_wconf 76' lang='lat' dir='ltr'><strong>aliqua</strong></span> <span class='ocrx_word' id='word_1_32' title='bbox 896 873 1203 952; x_wconf 75' lang='lat' dir='ltr'><strong>reptaserrtatione,</strong></span> <span class='ocrx_word' id='word_1_33' title='bbox 1228 871 1283 934; x_wconf 80' lang='lat' dir='ltr'><strong>ieri</strong></span> 
     </span>
     <span class='ocr_line' id='line_1_7' title="bbox 194 971 1283 1056; baseline -0.006 -17"><span class='ocrx_word' id='word_1_34' title='bbox 194 976 289 1039; x_wconf 87' lang='lat' dir='ltr'><strong>aliter</strong></span> <span class='ocrx_word' id='word_1_35' title='bbox 301 993 369 1037; x_wconf 91' lang='lat' dir='ltr'><strong>non</strong></span> <span class='ocrx_word' id='word_1_36' title='bbox 382 978 524 1056; x_wconf 83' lang='lat' dir='ltr'><strong>poterat,</strong></span> <span class='ocrx_word' id='word_1_37' title='bbox 536 991 637 1055; x_wconf 85' lang='lat' dir='ltr'><strong>quarn</strong></span> <span class='ocrx_word' id='word_1_38' title='bbox 651 980 689 1034; x_wconf 91' lang='lat' dir='ltr'><strong>ut</strong></span> <span class='ocrx_word' id='word_1_39' title='bbox 709 971 865 1055; x_wconf 75' lang='lat' dir='ltr'><strong>mythicis</strong></span> <span class='ocrx_word' id='word_1_40' title='bbox 886 971 1081 1049; x_wconf 81' lang='lat' dir='ltr'><strong>involucris,</strong></span> <span class='ocrx_word' id='word_1_41' title='bbox 1093 992 1166 1037; x_wconf 86' lang='lat' dir='ltr'><strong>non</strong></span> <span class='ocrx_word' id='word_1_42' title='bbox 1177 991 1283 1035; x_wconf 74' lang='lat' dir='ltr'><strong>earu</strong></span> 
     </span>
     <span class='ocr_line' id='line_1_8' title="bbox 191 1071 1282 1156; baseline 0.001 -19"><span class='ocrx_word' id='word_1_43' title='bbox 191 1073 340 1139; x_wconf 68' lang='lat' dir='ltr'><strong>doctrina</strong></span> <span class='ocrx_word' id='word_1_44' title='bbox 352 1072 468 1150; x_wconf 73' lang='lat' dir='ltr'><strong>ordio,</strong></span> <span class='ocrx_word' id='word_1_45' title='bbox 482 1073 572 1156; x_wconf 85' lang='lat' dir='ltr'><strong>quod</strong></span> <span class='ocrx_word' id='word_1_46' title='bbox 586 1092 707 1136; x_wconf 73' lang='lat' dir='ltr'><strong>vanum</strong></span> <span class='ocrx_word' id='word_1_47' title='bbox 727 1078 780 1135; x_wconf 83' lang='lat' dir='ltr'><strong>est</strong></span> <span class='ocrx_word' id='word_1_48' title='bbox 792 1072 934 1148; x_wconf 85' lang='lat' dir='ltr'><strong>credere,</strong></span> <span class='ocrx_word' id='word_1_49' title='bbox 952 1071 1014 1135; x_wconf 80' lang='lat' dir='ltr'><strong>aed</strong></span> <span class='ocrx_word' id='word_1_50' title='bbox 1025 1075 1228 1138; x_wconf 61' lang='lat' dir='ltr'><strong>neminie</strong></span> <span class='ocrx_word' id='word_1_51' title='bbox 1238 1092 1282 1137; x_wconf 70' lang='grc' dir='ltr'><strong><em>ω</em></strong></span> 
     </span>
     <span class='ocr_line' id='line_1_9' title="bbox 192 1171 1281 1261; baseline -0.003 -21"><span class='ocrx_word' id='word_1_52' title='bbox 192 1178 273 1255; x_wconf 89' lang='lat' dir='ltr'><strong>acti,</strong></span> <span class='ocrx_word' id='word_1_53' title='bbox 286 1176 574 1261; x_wconf 81' lang='lat' dir='ltr'><strong>pbilosopbemata</strong></span> <span class='ocrx_word' id='word_1_54' title='bbox 587 1193 649 1237; x_wconf 89' lang='lat' dir='ltr'><strong>sua</strong></span> <span class='ocrx_word' id='word_1_55' title='bbox 667 1176 889 1238; x_wconf 88' lang='lat' dir='ltr'><strong>obscurarent.</strong></span> <span class='ocrx_word' id='word_1_56' title='bbox 935 1171 1066 1237; x_wconf 82' lang='lat' dir='ltr'><strong>Habuit</strong></span> <span class='ocrx_word' id='word_1_57' title='bbox 1087 1175 1237 1257; x_wconf 81' lang='lat' dir='ltr'><strong>profecto</strong></span> <span class='ocrx_word' id='word_1_58' title='bbox 1249 1192 1281 1237; x_wconf 82' lang='lat' dir='ltr'><strong>er</strong></span> 
     </span>
     <span class='ocr_line' id='line_1_10' title="bbox 192 1275 1281 1360; baseline -0.004 -17"><span class='ocrx_word' id='word_1_59' title='bbox 192 1298 246 1344; x_wconf 82' lang='lat' dir='ltr'><strong>res</strong></span> <span class='ocrx_word' id='word_1_60' title='bbox 259 1279 438 1360; x_wconf 90' lang='lat' dir='ltr'><strong>plurimum</strong></span> <span class='ocrx_word' id='word_1_61' title='bbox 455 1276 617 1339; x_wconf 57' lang='lat' dir='ltr'><strong>molesia</strong></span> <span class='ocrx_word' id='word_1_62' title='bbox 631 1283 665 1338; x_wconf 87' lang='lat' dir='ltr'><strong>et</strong></span> <span class='ocrx_word' id='word_1_63' title='bbox 689 1275 908 1354; x_wconf 85' lang='lat' dir='ltr'><strong>incommodi;</strong></span> <span class='ocrx_word' id='word_1_64' title='bbox 930 1279 1086 1339; x_wconf 65' lang='lat' dir='ltr'><strong>murata</strong></span> <span class='ocrx_word' id='word_1_65' title='bbox 1099 1277 1197 1352; x_wconf 79' lang='lat' dir='ltr'><strong>satis,</strong></span> <span class='ocrx_word' id='word_1_66' title='bbox 1217 1277 1281 1339; x_wconf 80' lang='lat' dir='ltr'><strong>sub</strong></span> 
     </span>
     <span class='ocr_line' id='line_1_11' title="bbox 189 1375 1281 1459; baseline -0.002 -17"><span class='ocrx_word' id='word_1_67' title='bbox 189 1380 302 1455; x_wconf 82' lang='lat' dir='ltr'><strong>utiter,</strong></span> <span class='ocrx_word' id='word_1_68' title='bbox 317 1386 352 1441; x_wconf 87' lang='lat' dir='ltr'><strong>et</strong></span> <span class='ocrx_word' id='word_1_69' title='bbox 373 1377 505 1440; x_wconf 82' lang='lat' dir='ltr'><strong>definite</strong></span> <span class='ocrx_word' id='word_1_70' title='bbox 518 1379 625 1458; x_wconf 89' lang='lat' dir='ltr'><strong>potuit</strong></span> <span class='ocrx_word' id='word_1_71' title='bbox 645 1376 706 1438; x_wconf 71' lang='lat' dir='ltr'><strong>vix</strong></span> <span class='ocrx_word' id='word_1_72' title='bbox 722 1375 809 1439; x_wconf 87' lang='lat' dir='ltr'><strong>tradi</strong></span> <span class='ocrx_word' id='word_1_73' title='bbox 834 1378 1032 1459; x_wconf 74' lang='lat' dir='ltr'><strong>quicquam</strong></span> <span class='ocrx_word' id='word_1_74' title='bbox 1054 1394 1186 1454; x_wconf 76' lang='lat' dir='ltr'><strong>vetum,</strong></span> <span class='ocrx_word' id='word_1_75' title='bbox 1206 1375 1281 1440; x_wconf 69' lang='lat' dir='ltr'><strong>sind</strong></span> 
     </span>
     <span class='ocr_line' id='line_1_12' title="bbox 191 1475 1279 1562; baseline 0 -21"><span class='ocrx_word' id='word_1_76' title='bbox 191 1478 414 1562; x_wconf 75' lang='lat' dir='ltr'><strong>intelligentia</strong></span> <span class='ocrx_word' id='word_1_77' title='bbox 428 1479 643 1542; x_wconf 76' lang='lat' dir='ltr'><strong>subtilitatem</strong></span> <span class='ocrx_word' id='word_1_78' title='bbox 657 1496 773 1559; x_wconf 87' lang='lat' dir='ltr'><strong>parum</strong></span> <span class='ocrx_word' id='word_1_79' title='bbox 786 1475 1040 1541; x_wconf 82' lang='lat' dir='ltr'><strong>accommodata</strong></span> <span class='ocrx_word' id='word_1_80' title='bbox 1049 1476 1114 1540; x_wconf 82' lang='lat' dir='ltr'><strong>fnit</strong></span> <span class='ocrx_word' id='word_1_81' title='bbox 1125 1476 1188 1540; x_wconf 77' lang='lat' dir='ltr'><strong>ilh</strong></span> <span class='ocrx_word' id='word_1_82' title='bbox 1198 1479 1279 1552; x_wconf 75' lang='lat' dir='ltr'><strong>retia</strong></span> 
     </span>
     <span class='ocr_line' id='line_1_13' title="bbox 190 1576 1280 1664; baseline 0 -22"><span class='ocrx_word' id='word_1_83' title='bbox 190 1584 284 1643; x_wconf 89' lang='lat' dir='ltr'><strong>tanto</strong></span> <span class='ocrx_word' id='word_1_84' title='bbox 296 1582 460 1664; x_wconf 89' lang='lat' dir='ltr'><strong>potentior</strong></span> <span class='ocrx_word' id='word_1_85' title='bbox 472 1588 506 1642; x_wconf 88' lang='lat' dir='ltr'><strong>et</strong></span> <span class='ocrx_word' id='word_1_86' title='bbox 519 1578 685 1643; x_wconf 84' lang='lat' dir='ltr'><strong>efficacior</strong></span> <span class='ocrx_word' id='word_1_87' title='bbox 697 1598 738 1641; x_wconf 78' lang='lat' dir='ltr'><strong>aa</strong></span> <span class='ocrx_word' id='word_1_88' title='bbox 752 1578 915 1642; x_wconf 83' lang='lat' dir='ltr'><strong>credenda</strong></span> <span class='ocrx_word' id='word_1_89' title='bbox 926 1584 977 1641; x_wconf 75' lang='lat' dir='ltr'><strong>est</strong></span> <span class='ocrx_word' id='word_1_90' title='bbox 986 1577 1092 1640; x_wconf 80' lang='lat' dir='ltr'><strong>inisse</strong></span> <span class='ocrx_word' id='word_1_91' title='bbox 1105 1576 1151 1640; x_wconf 86' lang='lat' dir='ltr'><strong>ad</strong></span> <span class='ocrx_word' id='word_1_92' title='bbox 1165 1579 1280 1642; x_wconf 78' lang='lat' dir='ltr'><strong>animos</strong></span> 
     </span>
     <span class='ocr_line' id='line_1_14' title="bbox 191 1679 1278 1763; baseline 0.001 -20"><span class='ocrx_word' id='word_1_93' title='bbox 191 1681 383 1757; x_wconf 74' lang='lat' dir='ltr'><strong>movendos,</strong></span> <span class='ocrx_word' id='word_1_94' title='bbox 398 1681 444 1746; x_wconf 88' lang='lat' dir='ltr'><strong>ad</strong></span> <span class='ocrx_word' id='word_1_95' title='bbox 467 1681 698 1763; x_wconf 79' lang='lat' dir='ltr'><strong>phantasmata</strong></span> <span class='ocrx_word' id='word_1_96' title='bbox 721 1680 885 1762; x_wconf 79' lang='lat' dir='ltr'><strong>praeclara</strong></span> <span class='ocrx_word' id='word_1_97' title='bbox 900 1679 1069 1743; x_wconf 72' lang='lat' dir='ltr'><strong>meatibus</strong></span> <span class='ocrx_word' id='word_1_98' title='bbox 1091 1679 1278 1763; x_wconf 77' lang='lat' dir='ltr'><strong>objicienda,</strong></span> 
     </span>
     <span class='ocr_line' id='line_1_15' title="bbox 190 1780 1280 1863; baseline 0.004 -22"><span class='ocrx_word' id='word_1_99' title='bbox 190 1781 235 1841; x_wconf 85' lang='lat' dir='ltr'><strong>ad</strong></span> <span class='ocrx_word' id='word_1_100' title='bbox 250 1782 438 1845; x_wconf 73' lang='lat' dir='ltr'><strong>uoluntates</strong></span> <span class='ocrx_word' id='word_1_101' title='bbox 451 1781 609 1846; x_wconf 85' lang='lat' dir='ltr'><strong>tenendas</strong></span> <span class='ocrx_word' id='word_1_102' title='bbox 623 1788 658 1845; x_wconf 93' lang='lat' dir='ltr'><strong>et</strong></span> <span class='ocrx_word' id='word_1_103' title='bbox 669 1780 1097 1863; x_wconf 60' lang='lat' dir='ltr'><strong>inclimndraerleoquead</strong></span> <span class='ocrx_word' id='word_1_104' title='bbox 1119 1781 1280 1845; x_wconf 78' lang='lat' dir='ltr'><strong>imbnmrla</strong></span> 
     </span>
     <span class='ocr_line' id='line_1_16' title="bbox 188 1878 1278 1965; baseline 0.005 -25"><span class='ocrx_word' id='word_1_105' title='bbox 188 1878 358 1960; x_wconf 78' lang='lat' dir='ltr'><strong>religionis</strong></span> <span class='ocrx_word' id='word_1_106' title='bbox 369 1889 404 1946; x_wconf 91' lang='lat' dir='ltr'><strong>et</strong></span> <span class='ocrx_word' id='word_1_107' title='bbox 425 1885 558 1965; x_wconf 87' lang='lat' dir='ltr'><strong>pietatis</strong></span> <span class='ocrx_word' id='word_1_108' title='bbox 580 1902 680 1945; x_wconf 86' lang='lat' dir='ltr'><strong>sensu</strong></span> <span class='ocrx_word' id='word_1_109' title='bbox 700 1889 845 1964; x_wconf 76' lang='lat' dir='ltr'><strong>pectora</strong></span> <span class='ocrx_word' id='word_1_110' title='bbox 889 1881 944 1946; x_wconf 90' lang='lat' dir='ltr'><strong>lta</strong></span> <span class='ocrx_word' id='word_1_111' title='bbox 963 1882 1052 1944; x_wconf 88' lang='lat' dir='ltr'><strong>enim</strong></span> <span class='ocrx_word' id='word_1_112' title='bbox 1066 1888 1278 1965; x_wconf 65' lang='lat' dir='ltr'><strong>attemperata</strong></span> 
     </span>
     <span class='ocr_line' id='line_1_17' title="bbox 187 1982 1280 2066; baseline 0.004 -22"><span class='ocrx_word' id='word_1_113' title='bbox 187 1982 321 2044; x_wconf 78' lang='lat' dir='ltr'><strong>suntab</strong></span> <span class='ocrx_word' id='word_1_114' title='bbox 335 1991 460 2047; x_wconf 77' lang='lat' dir='ltr'><strong>aterna</strong></span> <span class='ocrx_word' id='word_1_115' title='bbox 477 1990 511 2047; x_wconf 87' lang='lat' dir='ltr'><strong>et</strong></span> <span class='ocrx_word' id='word_1_116' title='bbox 524 2002 654 2046; x_wconf 90' lang='lat' dir='ltr'><strong>summa</strong></span> <span class='ocrx_word' id='word_1_117' title='bbox 668 1982 784 2047; x_wconf 79' lang='lat' dir='ltr'><strong>Mente</strong></span> <span class='ocrx_word' id='word_1_118' title='bbox 797 1982 1063 2059; x_wconf 83' lang='lat' dir='ltr'><strong>res,utinomni</strong></span> <span class='ocrx_word' id='word_1_119' title='bbox 1077 1988 1280 2066; x_wconf 61' lang='lat' dir='ltr'><strong>ambage</strong></span> 
     </span>
     <span class='ocr_line' id='line_1_18' title="bbox 188 2083 1280 2168; baseline 0.002 -21"><span class='ocrx_word' id='word_1_120' title='bbox 188 2083 276 2147; x_wconf 85' lang='lat' dir='ltr'><strong>neris</strong></span> <span class='ocrx_word' id='word_1_121' title='bbox 288 2083 424 2153; x_wconf 81' lang='lat' dir='ltr'><strong>lrnmani</strong></span> <span class='ocrx_word' id='word_1_122' title='bbox 440 2083 639 2159; x_wconf 86' lang='lat' dir='ltr'><strong>conditione,</strong></span> <span class='ocrx_word' id='word_1_123' title='bbox 655 2086 726 2147; x_wconf 84' lang='lat' dir='ltr'><strong>sire</strong></span> <span class='ocrx_word' id='word_1_124' title='bbox 747 2084 839 2147; x_wconf 84' lang='lat' dir='ltr'><strong>rudis</strong></span> <span class='ocrx_word' id='word_1_125' title='bbox 852 2092 936 2148; x_wconf 85' lang='lat' dir='ltr'><strong>aetas</strong></span> <span class='ocrx_word' id='word_1_126' title='bbox 956 2084 1014 2159; x_wconf 87' lang='lat' dir='ltr'><strong>sit,</strong></span> <span class='ocrx_word' id='word_1_127' title='bbox 1028 2102 1091 2146; x_wconf 83' lang='lat' dir='ltr'><strong>seu</strong></span> <span class='ocrx_word' id='word_1_128' title='bbox 1102 2087 1211 2168; x_wconf 81' lang='lat' dir='ltr'><strong>magis</strong></span> <span class='ocrx_word' id='word_1_129' title='bbox 1222 2104 1280 2149; x_wconf 67' lang='lat' dir='ltr'><strong>ma</strong></span> 
     </span>
     <span class='ocr_line' id='line_1_19' title="bbox 187 2183 1280 2269; baseline 0.003 -22"><span class='ocrx_word' id='word_1_130' title='bbox 187 2185 305 2268; x_wconf 77' lang='lat' dir='ltr'><strong>gisqne</strong></span> <span class='ocrx_word' id='word_1_131' title='bbox 319 2187 481 2269; x_wconf 77' lang='lat' dir='ltr'><strong>expolita,</strong></span> <span class='ocrx_word' id='word_1_132' title='bbox 496 2185 653 2269; x_wconf 70' lang='lat' dir='ltr'><strong>praesidia</strong></span> <span class='ocrx_word' id='word_1_133' title='bbox 667 2186 839 2269; x_wconf 88' lang='lat' dir='ltr'><strong>inpromtu</strong></span> <span class='ocrx_word' id='word_1_134' title='bbox 853 2186 919 2249; x_wconf 86' lang='lat' dir='ltr'><strong>sint</strong></span> <span class='ocrx_word' id='word_1_135' title='bbox 930 2183 1076 2248; x_wconf 75' lang='lat' dir='ltr'><strong>admeto</strong></span> <span class='ocrx_word' id='word_1_136' title='bbox 1089 2185 1280 2269; x_wconf 74' lang='lat' dir='ltr'><strong>feliciterque</strong></span> 
     </span>
     <span class='ocr_line' id='line_1_20' title="bbox 162 2269 1280 2368; baseline 0.003 -19"><span class='ocrx_word' id='word_1_137' title='bbox 162 2269 361 2366; x_wconf 58' lang='lat' dir='ltr'><strong>agendum,</strong></span> <span class='ocrx_word' id='word_1_138' title='bbox 375 2288 475 2352; x_wconf 88' lang='lat' dir='ltr'><strong>modo</strong></span> <span class='ocrx_word' id='word_1_139' title='bbox 488 2309 509 2351; x_wconf 88' lang='lat' dir='ltr'><strong>a</strong></span> <span class='ocrx_word' id='word_1_140' title='bbox 530 2287 605 2349; x_wconf 91' lang='lat' dir='ltr'><strong>solo</strong></span> <span class='ocrx_word' id='word_1_141' title='bbox 628 2287 779 2368; x_wconf 87' lang='lat' dir='ltr'><strong>corporis</strong></span> <span class='ocrx_word' id='word_1_142' title='bbox 800 2287 966 2368; x_wconf 75' lang='lat' dir='ltr'><strong>animique</strong></span> <span class='ocrx_word' id='word_1_143' title='bbox 987 2304 1102 2361; x_wconf 86' lang='lat' dir='ltr'><strong>sensu,</strong></span> <span class='ocrx_word' id='word_1_144' title='bbox 1124 2286 1225 2352; x_wconf 83' lang='lat' dir='ltr'><strong>modo</strong></span> <span class='ocrx_word' id='word_1_145' title='bbox 1244 2288 1280 2351; x_wconf 78' lang='lat' dir='ltr'><strong>ab</strong></span> 
     </span>
     <span class='ocr_line' id='line_1_21' title="bbox 187 2385 1280 2469; baseline 0.005 -22"><span class='ocrx_word' id='word_1_146' title='bbox 187 2385 390 2467; x_wconf 77' lang='lat' dir='ltr'><strong>intelligendi</strong></span> <span class='ocrx_word' id='word_1_147' title='bbox 405 2392 533 2453; x_wconf 78' lang='lat' dir='ltr'><strong>acriore</strong></span> <span class='ocrx_word' id='word_1_148' title='bbox 545 2395 579 2450; x_wconf 88' lang='lat' dir='ltr'><strong>et</strong></span> <span class='ocrx_word' id='word_1_149' title='bbox 603 2387 775 2449; x_wconf 84' lang='lat' dir='ltr'><strong>subtiliore</strong></span> <span class='ocrx_word' id='word_1_150' title='bbox 788 2388 836 2461; x_wconf 83' lang='lat' dir='ltr'><strong>ri,</strong></span> <span class='ocrx_word' id='word_1_151' title='bbox 851 2405 872 2448; x_wconf 89' lang='lat' dir='ltr'><strong>a</strong></span> <span class='ocrx_word' id='word_1_152' title='bbox 890 2405 996 2450; x_wconf 85' lang='lat' dir='ltr'><strong>rernm</strong></span> <span class='ocrx_word' id='word_1_153' title='bbox 1021 2388 1199 2452; x_wconf 90' lang='lat' dir='ltr'><strong>multarum</strong></span> <span class='ocrx_word' id='word_1_154' title='bbox 1212 2407 1280 2469; x_wconf 72' lang='lat' dir='ltr'><strong>cog·</strong></span> 
     </span>
     <span class='ocr_line' id='line_1_22' title="bbox 186 2484 1280 2572; baseline 0.005 -26"><span class='ocrx_word' id='word_1_155' title='bbox 186 2484 321 2561; x_wconf 87' lang='lat' dir='ltr'><strong>uitione,</strong></span> <span class='ocrx_word' id='word_1_156' title='bbox 337 2488 381 2548; x_wconf 89' lang='lat' dir='ltr'><strong>ab</strong></span> <span class='ocrx_word' id='word_1_157' title='bbox 395 2489 522 2551; x_wconf 89' lang='lat' dir='ltr'><strong>artibus</strong></span> <span class='ocrx_word' id='word_1_158' title='bbox 535 2494 569 2550; x_wconf 91' lang='lat' dir='ltr'><strong>et</strong></span> <span class='ocrx_word' id='word_1_159' title='bbox 580 2486 742 2559; x_wconf 85' lang='lat' dir='ltr'><strong>scientiis,</strong></span> <span class='ocrx_word' id='word_1_160' title='bbox 751 2485 918 2569; x_wconf 81' lang='lat' dir='ltr'><strong>prolecta;</strong></span> <span class='ocrx_word' id='word_1_161' title='bbox 939 2492 1042 2568; x_wconf 85' lang='lat' dir='ltr'><strong>utque</strong></span> <span class='ocrx_word' id='word_1_162' title='bbox 1052 2488 1192 2552; x_wconf 85' lang='lat' dir='ltr'><strong>cumbis</strong></span> <span class='ocrx_word' id='word_1_163' title='bbox 1205 2489 1280 2572; x_wconf 77' lang='lat' dir='ltr'><strong>ipsis</strong></span> 
     </span>
     <span class='ocr_line' id='line_1_23' title="bbox 186 2586 1280 2670; baseline 0.006 -23"><span class='ocrx_word' id='word_1_164' title='bbox 186 2586 344 2648; x_wconf 86' lang='lat' dir='ltr'><strong>bonorum</strong></span> <span class='ocrx_word' id='word_1_165' title='bbox 367 2588 594 2667; x_wconf 87' lang='lat' dir='ltr'><strong>malormnqne</strong></span> <span class='ocrx_word' id='word_1_166' title='bbox 609 2605 697 2648; x_wconf 84' lang='lat' dir='ltr'><strong>nora</strong></span> <span class='ocrx_word' id='word_1_167' title='bbox 720 2606 838 2666; x_wconf 81' lang='lat' dir='ltr'><strong>genera</strong></span> <span class='ocrx_word' id='word_1_168' title='bbox 861 2586 1055 2663; x_wconf 83' lang='lat' dir='ltr'><strong>succedant,</strong></span> <span class='ocrx_word' id='word_1_169' title='bbox 1074 2589 1199 2670; x_wconf 87' lang='lat' dir='ltr'><strong>quibus</strong></span> <span class='ocrx_word' id='word_1_170' title='bbox 1219 2589 1280 2654; x_wconf 86' lang='lat' dir='ltr'><strong>ani·</strong></span> 
     </span>
     <span class='ocr_line' id='line_1_24' title="bbox 185 2687 1280 2772; baseline 0.007 -27"><span class='ocrx_word' id='word_1_171' title='bbox 185 2688 232 2746; x_wconf 90' lang='lat' dir='ltr'><strong>mi</strong></span> <span class='ocrx_word' id='word_1_172' title='bbox 245 2691 278 2746; x_wconf 90' lang='lat' dir='ltr'><strong>et</strong></span> <span class='ocrx_word' id='word_1_173' title='bbox 293 2704 432 2765; x_wconf 88' lang='lat' dir='ltr'><strong>corpora</strong></span> <span class='ocrx_word' id='word_1_174' title='bbox 453 2693 677 2748; x_wconf 78' lang='lat' dir='ltr'><strong>exerceantur.</strong></span> <span class='ocrx_word' id='word_1_175' title='bbox 722 2687 787 2749; x_wconf 90' lang='lat' dir='ltr'><strong>Illa</strong></span> <span class='ocrx_word' id='word_1_176' title='bbox 808 2694 918 2750; x_wconf 88' lang='lat' dir='ltr'><strong>tamen</strong></span> <span class='ocrx_word' id='word_1_177' title='bbox 937 2689 1128 2769; x_wconf 76' lang='lat' dir='ltr'><strong>antiquiora</strong></span> <span class='ocrx_word' id='word_1_178' title='bbox 1140 2689 1280 2772; x_wconf 84' lang='lat' dir='ltr'><strong>pbiloso</strong></span> 
     </span>
     <span class='ocr_line' id='line_1_25' title="bbox 184 2781 1278 2872; baseline 0.009 -28"><span class='ocrx_word' id='word_1_179' title='bbox 184 2781 338 2862; x_wconf 87' lang='lat' dir='ltr'><strong>pbemata</strong></span> <span class='ocrx_word' id='word_1_180' title='bbox 353 2784 504 2864; x_wconf 87' lang='lat' dir='ltr'><strong>accipere</strong></span> <span class='ocrx_word' id='word_1_181' title='bbox 517 2782 602 2845; x_wconf 83' lang='lat' dir='ltr'><strong>relle</strong></span> <span class='ocrx_word' id='word_1_182' title='bbox 616 2787 749 2865; x_wconf 84' lang='lat' dir='ltr'><strong>proprie</strong></span> <span class='ocrx_word' id='word_1_183' title='bbox 764 2793 797 2848; x_wconf 89' lang='lat' dir='ltr'><strong>et</strong></span> <span class='ocrx_word' id='word_1_184' title='bbox 822 2788 987 2850; x_wconf 82' lang='lat' dir='ltr'><strong>subtiliter</strong></span> <span class='ocrx_word' id='word_1_185' title='bbox 999 2796 1034 2850; x_wconf 87' lang='lat' dir='ltr'><strong>et</strong></span> <span class='ocrx_word' id='word_1_186' title='bbox 1055 2787 1100 2850; x_wconf 83' lang='lat' dir='ltr'><strong>ad</strong></span> <span class='ocrx_word' id='word_1_187' title='bbox 1123 2792 1278 2872; x_wconf 69' lang='lat' dir='ltr'><strong>oequierir</strong></span> 
     </span>
     <span class='ocr_line' id='line_1_26' title="bbox 184 2874 1280 2968; baseline 0.012 -25"><span class='ocrx_word' id='word_1_188' title='bbox 184 2879 330 2945; x_wconf 79' lang='lat' dir='ltr'><strong>Graeciae</strong></span> <span class='ocrx_word' id='word_1_189' title='bbox 340 2901 448 2957; x_wconf 88' lang='lat' dir='ltr'><strong>nsum,</strong></span> <span class='ocrx_word' id='word_1_190' title='bbox 458 2883 541 2946; x_wconf 86' lang='lat' dir='ltr'><strong>sorte</strong></span> <span class='ocrx_word' id='word_1_191' title='bbox 552 2882 637 2946; x_wconf 87' lang='lat' dir='ltr'><strong>adeo</strong></span> <span class='ocrx_word' id='word_1_192' title='bbox 648 2883 691 2945; x_wconf 88' lang='lat' dir='ltr'><strong>ad</strong></span> <span class='ocrx_word' id='word_1_193' title='bbox 702 2889 807 2949; x_wconf 89' lang='lat' dir='ltr'><strong>nostri</strong></span> <span class='ocrx_word' id='word_1_194' title='bbox 820 2889 980 2950; x_wconf 86' lang='lat' dir='ltr'><strong>sermonis</strong></span> <span class='ocrx_word' id='word_1_195' title='bbox 988 2874 1142 2968; x_wconf 63' lang='lat' dir='ltr'><strong>genium}</strong></span> <span class='ocrx_word' id='word_1_196' title='bbox 1161 2890 1199 2955; x_wconf 74' lang='lat' dir='ltr'><strong>iel</strong></span> <span class='ocrx_word' id='word_1_197' title='bbox 1207 2910 1280 2956; x_wconf 85' lang='lat' dir='ltr'><strong>veru</strong></span> 
     </span>
     <span class='ocr_line' id='line_1_27' title="bbox 183 2981 1277 3067; baseline 0.01 -22"><span class='ocrx_word' id='word_1_198' title='bbox 183 2990 244 3057; x_wconf 82' lang='lat' dir='ltr'><strong>est,</strong></span> <span class='ocrx_word' id='word_1_199' title='bbox 268 2981 480 3065; x_wconf 49' lang='lat' dir='ltr'><strong>Pythagor&amp;</strong></span> <span class='ocrx_word' id='word_1_200' title='bbox 496 2982 723 3067; x_wconf 84' lang='lat' dir='ltr'><strong>Empedoclis,</strong></span> <span class='ocrx_word' id='word_1_201' title='bbox 747 2986 924 3063; x_wconf 79' lang='lat' dir='ltr'><strong>Heracliti,</strong></span> <span class='ocrx_word' id='word_1_202' title='bbox 950 2988 1106 3053; x_wconf 88' lang='lat' dir='ltr'><strong>Platonis</strong></span> <span class='ocrx_word' id='word_1_203' title='bbox 1129 2990 1277 3056; x_wconf 73' lang='lat' dir='ltr'><strong>namin</strong></span> 
     </span>
     <span class='ocr_line' id='line_1_28' title="bbox 182 3082 480 3166; baseline 0 -20"><span class='ocrx_word' id='word_1_204' title='bbox 182 3082 337 3166; x_wconf 89' lang='lat' dir='ltr'><strong>injuriam</strong></span> <span class='ocrx_word' id='word_1_205' title='bbox 347 3082 480 3147; x_wconf 83' lang='lat' dir='ltr'><strong>sacere.¹</strong></span> 
     </span>
     <span class='ocr_line' id='line_1_29' title="bbox 226 3184 1274 3270; baseline 0.011 -24"><span class='ocrx_word' id='word_1_206' title='bbox 226 3184 328 3266; x_wconf 84' lang='lat' dir='ltr'><strong>Saepe</strong></span> <span class='ocrx_word' id='word_1_207' title='bbox 352 3184 395 3247; x_wconf 85' lang='lat' dir='ltr'><strong>ad</strong></span> <span class='ocrx_word' id='word_1_208' title='bbox 419 3185 504 3248; x_wconf 89' lang='lat' dir='ltr'><strong>banc</strong></span> <span class='ocrx_word' id='word_1_209' title='bbox 530 3186 762 3267; x_wconf 78' lang='lat' dir='ltr'><strong>cogitationem</strong></span> <span class='ocrx_word' id='word_1_210' title='bbox 786 3188 945 3254; x_wconf 88' lang='lat' dir='ltr'><strong>deductus</strong></span> <span class='ocrx_word' id='word_1_211' title='bbox 967 3195 1274 3270; x_wconf 71' lang='lat' dir='ltr'><strong>carantanam</strong></span> 
     </span>
     <span class='ocr_line' id='line_1_30' title="bbox 182 3284 1273 3368; baseline 0.015 -24"><span class='ocrx_word' id='word_1_212' title='bbox 182 3284 216 3346; x_wconf 90' lang='lat' dir='ltr'><strong>in</strong></span> <span class='ocrx_word' id='word_1_213' title='bbox 230 3284 293 3346; x_wconf 94' lang='lat' dir='ltr'><strong>boc</strong></span> <span class='ocrx_word' id='word_1_214' title='bbox 315 3285 400 3347; x_wconf 88' lang='lat' dir='ltr'><strong>libro</strong></span> <span class='ocrx_word' id='word_1_215' title='bbox 421 3287 661 3368; x_wconf 85' lang='lat' dir='ltr'><strong>interpretando</strong></span> <span class='ocrx_word' id='word_1_216' title='bbox 685 3287 931 3364; x_wconf 81' lang='lat' dir='ltr'><strong>Cndwortbum,</strong></span> <span class='ocrx_word' id='word_1_217' title='bbox 951 3311 1027 3355; x_wconf 87' lang='lat' dir='ltr'><strong>cum</strong></span> <span class='ocrx_word' id='word_1_218' title='bbox 1040 3293 1181 3360; x_wconf 72' lang='lat' dir='ltr'><strong>doctiss.</strong></span> <span class='ocrx_word' id='word_1_219' title='bbox 1194 3314 1273 3359; x_wconf 83' lang='lat' dir='ltr'><strong>cout-</strong></span> 
     </span>
     <span class='ocr_line' id='line_1_31' title="bbox 181 3383 1271 3478; baseline 0.011 -32"><span class='ocrx_word' id='word_1_220' title='bbox 181 3390 372 3458; x_wconf 74' lang='lat' dir='ltr'><strong>mentatum,</strong></span> <span class='ocrx_word' id='word_1_221' title='bbox 389 3383 657 3468; x_wconf 80' lang='lat' dir='ltr'><strong>Bruckennnque</strong></span> <span class='ocrx_word' id='word_1_222' title='bbox 671 3390 880 3473; x_wconf 89' lang='lat' dir='ltr'><strong>inspicerem.</strong></span> <span class='ocrx_word' id='word_1_223' title='bbox 903 3389 958 3454; x_wconf 84' lang='lat' dir='ltr'><strong>lta</strong></span> <span class='ocrx_word' id='word_1_224' title='bbox 970 3388 1202 3473; x_wconf 82' lang='lat' dir='ltr'><strong>Gudworthns,</strong></span> <span class='ocrx_word' id='word_1_225' title='bbox 1211 3393 1271 3478; x_wconf 80' lang='lat' dir='ltr'><strong>qui,</strong></span> 
     </span>
     <span class='ocr_line' id='line_1_32' title="bbox 180 3485 1270 3571; baseline 0.016 -27"><span class='ocrx_word' id='word_1_226' title='bbox 180 3488 301 3564; x_wconf 83' lang='lat' dir='ltr'><strong>praeter</strong></span> <span class='ocrx_word' id='word_1_227' title='bbox 315 3485 473 3558; x_wconf 73' lang='lat' dir='ltr'><strong>eutasius,</strong></span> <span class='ocrx_word' id='word_1_228' title='bbox 485 3485 576 3546; x_wconf 90' lang='lat' dir='ltr'><strong>aliud</strong></span> <span class='ocrx_word' id='word_1_229' title='bbox 601 3490 732 3550; x_wconf 87' lang='lat' dir='ltr'><strong>tenuius</strong></span> <span class='ocrx_word' id='word_1_230' title='bbox 751 3509 872 3571; x_wconf 90' lang='lat' dir='ltr'><strong>corpus</strong></span> <span class='ocrx_word' id='word_1_231' title='bbox 886 3492 1007 3556; x_wconf 83' lang='lat' dir='ltr'><strong>animae</strong></span> <span class='ocrx_word' id='word_1_232' title='bbox 1026 3493 1121 3559; x_wconf 81' lang='lat' dir='ltr'><strong>indui</strong></span> <span class='ocrx_word' id='word_1_233' title='bbox 1133 3515 1158 3559; x_wconf 88' lang='lat' dir='ltr'><strong>a</strong></span> <span class='ocrx_word' id='word_1_234' title='bbox 1170 3495 1270 3560; x_wconf 75' lang='lat' dir='ltr'><strong>Paro</strong></span> 
     </span>
     <span class='ocr_line' id='line_1_33' title="bbox 180 3582 1268 3681; baseline 0.016 -39"><span class='ocrx_word' id='word_1_235' title='bbox 180 3582 266 3643; x_wconf 90' lang='lat' dir='ltr'><strong>uicis</strong></span> <span class='ocrx_word' id='word_1_236' title='bbox 287 3582 425 3660; x_wconf 74' lang='lat' dir='ltr'><strong>viderat,</strong></span> <span class='ocrx_word' id='word_1_237' title='bbox 450 3584 513 3648; x_wconf 89' lang='lat' dir='ltr'><strong>hoc</strong></span> <span class='ocrx_word' id='word_1_238' title='bbox 540 3585 675 3650; x_wconf 87' lang='lat' dir='ltr'><strong>interius</strong></span> <span class='ocrx_word' id='word_1_239' title='bbox 698 3590 824 3653; x_wconf 69' lang='lat' dir='ltr'><strong>aerium</strong></span> <span class='ocrx_word' id='word_1_240' title='bbox 852 3599 887 3654; x_wconf 89' lang='lat' dir='ltr'><strong>ot</strong></span> <span class='ocrx_word' id='word_1_241' title='bbox 904 3593 1078 3675; x_wconf 80' lang='lat' dir='ltr'><strong>spirituale</strong></span> <span class='ocrx_word' id='word_1_242' title='bbox 1100 3615 1218 3681; x_wconf 83' lang='lat' dir='ltr'><strong>eorpus</strong></span> <span class='ocrx_word' id='word_1_243' title='bbox 1241 3596 1268 3659; x_wconf 72' lang='lat' dir='ltr'><strong>&#39;a</strong></span> 
     </span>
     <span class='ocr_line' id='line_1_34' title="bbox 180 3679 1322 3779; baseline 0.019 -35"><span class='ocrx_word' id='word_1_244' title='bbox 180 3679 358 3763; x_wconf 78' lang='lat' dir='ltr'><strong>Virgilium</strong></span> <span class='ocrx_word' id='word_1_245' title='bbox 373 3685 544 3763; x_wconf 72' lang='lat' dir='ltr'><strong>interebat,</strong></span> <span class='ocrx_word' id='word_1_246' title='bbox 558 3696 593 3751; x_wconf 93' lang='lat' dir='ltr'><strong>ut</strong></span> <span class='ocrx_word' id='word_1_247' title='bbox 607 3692 753 3753; x_wconf 87' lang='lat' dir='ltr'><strong>crassius</strong></span> <span class='ocrx_word' id='word_1_248' title='bbox 767 3691 848 3754; x_wconf 87' lang='lat' dir='ltr'><strong>illud</strong></span> <span class='ocrx_word' id='word_1_249' title='bbox 862 3694 1120 3775; x_wconf 66' lang='lat' dir='ltr'><strong>integumentum</strong></span> <span class='ocrx_word' id='word_1_250' title='bbox 1135 3693 1265 3767; x_wconf 58' lang='lat' dir='ltr'><strong>wid,</strong></span> <span class='ocrx_word' id='word_1_251' title='bbox 1320 3758 1322 3779; x_wconf 42' lang='lat'>÷</span> 
     </span>
    </p>
   </div>
   <div class='ocr_carea' id='block_1_3' title="bbox 680 3792 1322 3936">
    <p class='ocr_par' dir='ltr' id='par_1_3' title="bbox 680 3792 1322 3936">
     <span class='ocr_line' id='line_1_35' title="bbox 680 3792 1322 3936; baseline 0.006 -2"><span class='ocrx_word' id='word_1_252' title='bbox 680 3885 788 3936; x_wconf 59' lang='lat' dir='ltr'><strong>,on</strong></span> <span class='ocrx_word' id='word_1_253' title='bbox 1319 3792 1322 3919; x_wconf 88' lang='grc' dir='ltr'>Ι</span> 
     </span>
    </p>
   </div>
   <div class='ocr_carea' id='block_1_4' title="bbox 180 3988 1258 4209">
    <p class='ocr_par' dir='ltr' id='par_1_4' title="bbox 180 3988 1258 4209">
     <span class='ocr_line' id='line_1_36' title="bbox 214 3988 1258 4063; baseline 0.006 -27"><span class='ocrx_word' id='word_1_254' title='bbox 214 3988 222 4014; x_wconf 87' lang='lat'><strong>¹</strong></span> <span class='ocrx_word' id='word_1_255' title='bbox 242 3988 454 4038; x_wconf 80' lang='lat' dir='ltr'><strong>llelioremriam</strong></span> <span class='ocrx_word' id='word_1_256' title='bbox 467 3991 575 4054; x_wconf 73' lang='lat' dir='ltr'><strong>ingressi</strong></span> <span class='ocrx_word' id='word_1_257' title='bbox 586 3995 710 4058; x_wconf 58' lang='lat' dir='ltr'><strong>rnnaqai</strong></span> <span class='ocrx_word' id='word_1_258' title='bbox 748 4011 834 4058; x_wconf 81' lang='lat' dir='ltr'><strong>ruere,</strong></span> <span class='ocrx_word' id='word_1_259' title='bbox 851 3996 969 4063; x_wconf 66' lang='lat' dir='ltr'><strong>inprimis</strong></span> <span class='ocrx_word' id='word_1_260' title='bbox 989 4014 1033 4050; x_wconf 87' lang='lat' dir='ltr'><strong>rr.</strong></span> <span class='ocrx_word' id='word_1_261' title='bbox 1053 4013 1099 4052; x_wconf 78' lang='lat' dir='ltr'><strong>oc.</strong></span> <span class='ocrx_word' id='word_1_262' title='bbox 1120 4001 1226 4053; x_wconf 62' lang='lat' dir='ltr'><strong>um</strong></span> <span class='ocrx_word' id='word_1_263' title='bbox 1238 4002 1258 4044; x_wconf 84' lang='lat' dir='ltr'><strong>et</strong></span> 
     </span>
     <span class='ocr_line' id='line_1_37' title="bbox 180 4066 896 4134; baseline 0.02 -24"><span class='ocrx_word' id='word_1_264' title='bbox 180 4074 238 4124; x_wconf 73' lang='lat' dir='ltr'><strong>pest</strong></span> <span class='ocrx_word' id='word_1_265' title='bbox 247 4066 298 4114; x_wconf 77' lang='lat' dir='ltr'><strong>ista</strong></span> <span class='ocrx_word' id='word_1_266' title='bbox 308 4066 465 4114; x_wconf 71' lang='lat' dir='ltr'><strong>sarnitan</strong></span> <span class='ocrx_word' id='word_1_267' title='bbox 476 4081 543 4116; x_wconf 78' lang='lat' dir='ltr'><strong>nno</strong></span> <span class='ocrx_word' id='word_1_268' title='bbox 557 4072 655 4134; x_wconf 77' lang='lat' dir='ltr'><strong>scripta</strong></span> <span class='ocrx_word' id='word_1_269' title='bbox 665 4086 709 4119; x_wconf 85' lang='lat' dir='ltr'><strong>re·</strong></span> <span class='ocrx_word' id='word_1_270' title='bbox 748 4072 896 4123; x_wconf 78' lang='lat' dir='ltr'><strong>liedeman.</strong></span> 
     </span>
     <span class='ocr_line' id='line_1_38' title="bbox 180 4140 709 4209; baseline 0.023 -25"><span class='ocrx_word' id='word_1_271' title='bbox 180 4142 264 4187; x_wconf 73' lang='lat' dir='ltr'><strong>terem</strong></span> <span class='ocrx_word' id='word_1_272' title='bbox 284 4140 470 4206; x_wconf 75' lang='lat' dir='ltr'><strong>philosophiam</strong></span> <span class='ocrx_word' id='word_1_273' title='bbox 491 4142 609 4195; x_wconf 72' lang='lat' dir='ltr'><strong>subtilius</strong></span> <span class='ocrx_word' id='word_1_274' title='bbox 630 4159 709 4209; x_wconf 73' lang='lat' dir='ltr'><strong>expo·</strong></span> 
     </span>
    </p>
   </div>
   <div class='ocr_carea' id='block_1_5' title="bbox 0 0 1336 4686">
    <p class='ocr_par' dir='ltr' id='par_1_5' title="bbox 0 0 1336 4686">
     <span class='ocr_line' id='line_1_39' title="bbox 0 0 1336 4686; baseline 0 5"><span class='ocrx_word' id='word_1_275' title='bbox 0 0 1336 4686; x_wconf 95' lang='lat' dir='ltr'><strong> </strong></span> 
     </span>
    </p>
   </div>
  </div>
 </body>
</html>
