2664 4686
418 327 470 376 su
497 326 668 381 warnos
713 331 789 382 urs.
813 333 871 384 ιιι.
1106 324 1194 393 aloe

94 485 135 531 v·
151 464 297 553 Dionys.
310 466 410 555 snio.)
422 472 618 556 praedictam
638 472 1031 555 remunerantem
1049 470 1053 475 ’
1074 480 1193 550 Po’dtae
1293 510 1296 515 >

93 573 260 634 nveutum
286 589 360 634 esse
389 573 529 651 videtur,
559 577 649 659 quod
679 576 906 663 Harpyiarum
938 582 996 645 uni
1014 585 1193 652 oraculum

92 668 174 838 ἔξω
188 671 311 737 tribuit.
347 671 484 738 Exitum
497 678 594 742 sortis
609 678 694 745 datae
710 700 741 746 v.
755 681 812 745 lib.
829 696 896 759 vu,
912 682 976 748 107
989 702 1074 768 sqq,
1089 686 1147 750 ubi
1162 707 1193 751 u.

144 790 290 839 curs-11.

131 871 286 941 &num
304 896 432 943 summa
452 880 518 945 iste
539 881 690 947 vaticinii
712 882 885 950 celebritas
905 887 1048 953 movisse
1066 890 1195 956 uidetur

92 970 239 1059 poffiin,
252 976 451 1044 ntfebulam
472 981 737 1064 amplecteretur,
759 1002 819 1066 per
840 1003 877 1048 se
898 986 1045 1070 ineptam
1060 994 1095 1054 et
1107 990 1198 1075 epici

92 1074 249 1164 multis
261 1080 437 1166 majestate
455 1083 636 1165 indignam,
652 1085 777 1169 quippe
790 1104 868 1169 qum
890 1106 934 1152 ex
955 1092 1193 1159 vocabulorum

92 1179 169 1272 lusu
189 1181 332 1265 pendet3
356 1182 472 1249 saltem
495 1185 574 1249 illud
602 1186 645 1249 ed
670 1184 805 1270 poetam
831 1191 1057 1256 excusandum
1084 1195 1194 1260 valere

92 1278 200 1353 ωσι.
243 1280 347 1362 Nam,
367 1288 405 1348 ut
432 1285 653 1353 narrationem
674 1305 771 1353 suem
794 1287 898 1356 faciat
921 1292 1128 1373 probabilem
1153 1313 1193 1360 ao

92 1380 314 1479 verisimilem,
328 1387 484 1468 quoniam
496 1387 530 1450 in
544 1388 643 1451 rebus
657 1386 809 1454 absurdis
827 1389 1055 1455 delectationis
1068 1391 1194 1459 fructus

92 1484 304 1571 mercipitir,
317 1486 427 1571 po’etse
448 1488 537 1572 epici
557 1488 668 1572 prima
688 1508 770 1555 cura
790 1496 853 1557 est.
898 1491 1017 1575 ltaque
1038 1494 1074 1558 iu
1096 1494 1198 1559 laude

92 1584 157 1673 ipsi
179 1584 378 1666 ducendum,
400 1589 431 1652 si
451 1589 581 1654 fabulas
602 1590 733 1674 priscas
751 1592 962 1676 popularium
981 1612 1116 1658 suorum
1140 1597 1197 1660 vel

92 1691 237 1753 mmm
249 1685 422 1772 pobtarum
441 1693 509 1753 tam
532 1689 704 1755 commode
726 1696 916 1773 argomento
928 1712 990 1758 suo
1003 1693 1149 1759 intexere
1162 1701 1198 1761 et

92 1786 137 1853 ila
149 1789 403 1854 accommodare
415 1792 561 1869 noverit,
568 1796 617 1869 ut,
633 1789 712 1855 dum
729 1790 844 1857 eodem
860 1794 957 1877 quasi
970 1792 1110 1858 damino
1123 1797 1195 1860 tota

92 1887 310 1957 lobdetexta
322 1896 384 1969 est,
399 1891 569 1956 videantur
589 1910 701 1975 parem
724 1893 824 1957 fldem
844 1895 965 1958 habere
985 1900 1019 1959 et
1039 1893 1098 1961 illa
1116 1915 1193 1979 quae

92 1994 165 2081 hine
178 2012 267 2061 nova
284 1999 355 2059 emt
375 1996 586 2057 commentus.
630 1990 716 2056 Cum
736 1998 846 2057 autem
866 1995 902 2058 in
923 1992 1054 2063 illarum
1067 1993 1195 2060 fabula.
1239 2064 1246 2073 ι

92 2102 164 2163 ium
188 2101 309 2161 natura
334 2113 374 2159 ac
402 2094 528 2159 retioue
551 2092 633 2157 nihil
657 2099 781 2159 mutare
804 2095 923 2177 possit,
948 2095 1014 2158 uisi
1039 2095 1104 2158 sibi
1128 2096 1195 2179 ipsi

92 2194 192 2263 idem
203 2197 287 2262 uelit
308 2195 485 2272 detrahere,
497 2192 673 2261 ¹lereudum
694 2199 745 2260 est
765 2195 812 2272 id,
827 2195 925 2278 -quod
946 2195 1056 2258 minus
1070 2195 1195 2259 incom-

92 2296 230 2363 modum
250 2302 314 2372 est,
337 2301 375 2360 ut
397 2294 557 2361 interdum
580 2294 616 2357 in
636 2294 697 2358 tali
715 2293 833 2359 tabula
853 2295 932 2358 insit
952 2292 1090 2376 aliquid,
1105 2294 1196 2378 quod

92 2398 207 2485 indicii
220 2397 435 2460 subtilitatem
453 2416 519 2459 non
538 2394 641 2474 ferst3
665 2395 816 2477 inprimis
836 2414 913 2459 cum
927 2394 1030 2458 multa
1044 2395 1111 2458 alia
1123 2395 1195 2478 ple·

92 2516 227 2582 rumque
247 2498 368 2574 adsint,
392 2516 468 2580 quae
491 2496 556 2560 hoc
579 2495 765 2559 labulannu
782 2496 900 2559 vitium
922 2495 1060 2559 elevent.
1104 2493 1195 2560 Nem

92 2601 266 2667 vetustatis
293 2601 466 2662 sanctitate
501 2601 692 2663 consecrata
728 2593 976 2675 quodammodo
1003 2612 1116 2658 earum
1143 2602 1196 2660 est

92 2702 284 2776 auctoritas,
298 2698 447 2785 inprimis
469 2697 498 2761 si
520 2715 597 2760 cum
610 2695 765 2776 religione
778 2693 894 2777 aliqua
907 2694 1091 2778 conjunctae
1108 2701 1195 2774 sunt,

92 2802 196 2869 multo
210 2802 317 2881 magis
338 2800 373 2861 in
394 2798 537 2863 oraculis
560 2816 600 2868 ac
622 2797 801 2874 vaticiniis,
814 2801 852 2861 ut
866 2796 908 2860 de
925 2796 1060 2860 levitate
1081 2814 1197 2860 carum

92 2905 145 2969 sel
158 2907 347 2966 monstrosa
360 2906 479 2964 natura
499 2898 644 2981 cogitare
664 2916 705 2960 ne
727 2897 910 2960 audeamus
924 2895 1067 2978 quidem.
1111 2893 1196 2959 Cum

92 3024 191 3089 porro
213 3003 312 3066 etiam
336 3000 502 3065 doctiores
523 2999 628 3061 multe
651 2996 792 3059 lectione
819 3014 841 3058 a
865 2996 974 3076 prima
997 2999 1095 3058 aetate
1119 2994 1195 3059 istis

92 3104 216 3170 fabulis
240 3104 451 3174 assueverint,
479 3098 671 3163 narrationis
701 3097 865 3159 suavitate
888 3093 980 3156 ducti
1003 3112 1045 3159 ac
1072 3094 1196 3158 deliniti

93 3223 160 3269 um
172 3204 274 3272 facile
288 3204 322 3267 in
337 3201 481 3265 animum
496 3200 665 3274 inducunt,
687 3202 725 3260 ut
745 3195 857 3259 subtili
874 3192 1006 3277 judicio
1019 3193 1069 3257 uti
1081 3193 1196 3259 velint.

95 3304 184 3372 llaec
196 3311 231 3369 et
244 3304 325 3368 talia
341 3304 517 3367 obversata
538 3298 686 3361 videntur
708 3295 820 3380 poeta
845 3295 968 3371 animo,
983 3313 1058 3358 oum
1070 3294 1197 3361 similes

93 3403 226 3471 anulm
237 3383 275 3468 in
288 3424 383 3468 suam
398 3402 572 3466 AEneidem
590 3400 762 3481 reciperet,
777 3397 876 3461 etiam
898 3394 956 3458 ini.
981 3411 1038 3472 rx,
1059 3394 1105 3459 79
1121 3413 1197 3480 sqq.

96 3506 136 3573 de
164 3507 309 3571 navibus
336 3506 370 3567 in
394 3501 572 3587 Nymphas
601 3502 779 3588 conversis.
823 3498 947 3562 Saltem
972 3516 1013 3560 eu
1034 3496 1197 3580 judicium

96 3613 244 3672 metrum
259 3626 281 3669 a
293 3605 475 3670 temeritate
488 3620 642 3667 revocare
655 3599 786 3677 debent,
800 3599 863 3663 etsi
880 3596 915 3660 id
934 3597 1096 3664 interdum
1108 3604 1199 3662 recte

98 3727 134 3773 ιο
152 3709 273 3774 hebere
295 3713 419 3791 potest,
443 3706 473 3769 si
496 3704 539 3767 ad
563 3708 676 3766 nostra
695 3708 844 3784 tempora
860 3706 1058 3782 nostrosque
1081 3716 1199 3761 sensus

99 3826 165 3875 som
177 3807 361 3885 referimus,
377 3813 437 3871 aut
458 3805 488 3868 si
506 3805 582 3867 illas
603 3802 744 3877 fabulas,
768 3799 857 3882 quod
879 3818 992 3862 verum
1009 3804 1120 3862 tamen
1133 3813 1199 3858 non

101 3914 161 3989 est,
174 3930 196 3974 a
209 3910 311 3994 potita
323 3912 471 3974 inventas
485 3913 518 3971 et
531 3905 737 3986 excogitatas
758 3901 951 3984 peninum,
966 3896 1000 3963 Α
1014 3897 1198 3963 fabularum

104 4012 306 4097 auhquanrm
324 4011 517 4076 auctoritate
535 4005 780 4083 excusationem
803 4001 916 4087 poetae
933 4000 1009 4086 jam
1027 3994 1198 4062 Volcatius
