2664 4686
105 307 194 374 1188
438 314 632 368 ascensus
667 286 884 366 nnrmouurr

146 463 270 526 rundam
284 457 448 522 difficilium
462 457 655 536 explicatione
669 474 738 516 usus
750 464 796 516 est
809 445 901 516 reteri
917 454 984 516 bis.
1000 456 1096 534 cnjus
1108 457 1208 535 eop‘nrs

145 562 203 640 ipsi
226 560 335 619 fecerat
359 556 436 616 Lud.
461 555 655 625 Camerarius,
682 553 786 613 Joach.
813 551 854 611 fit.
878 552 952 612 rosc
977 553 1088 631 Opera
1113 554 1207 632 virgei

147 654 376 718 ediditisetiam
398 652 506 711 librum
527 665 611 710 xrn.
652 649 792 728 Maphoei
816 648 1062 726 Epigrammata,
1087 649 1205 710 Calicem

148 732 232 811 ex’P.
247 751 350 811 bembi
363 749 566 827 castigatione,
582 746 679 818 Diras,
693 750 751 805 &c
793 746 948 805 Catalecta
959 763 1001 804 es
1018 746 1207 806 emendatius

147 848 210 908 los.
227 846 377 922 Scaligeri.
420 844 517 903 Finem
544 842 616 901 iacit
639 842 786 901 Lectionis
807 840 979 901 emendatae
1003 841 1084 901 ratio
1101 843 1206 901 amri

148 962 274 1020 quorum
298 939 567 1000 Grammaticorum
590 945 620 996 et
642 937 780 997 librorum
808 937 1036 1009 observatione,
1065 938 1205 998 redditas

117 1051 120 1056 '
148 1042 259 1117 Georg.
277 1037 420 1097 Fabricio.
462 1035 574 1111 Saepius
589 1034 729 1112 deinceps
743 1035 863 1111 repetita
878 1034 988 1095 editio.

108 1170 148 1183 -
162 1138 271 1214 Opera,
286 1152 354 1193 curu
370 1133 445 1192 notis
457 1131 676 1216 marginalibus.
719 1131 865 1209 Lugduni.
889 1141 938 1192 11.

111 1242 188 1294 1581
211 1230 356 1310 Erythrai
383 1245 430 1288 vt.
466 1230 499 1287 P.
528 1227 641 1311 Virgilii
669 1229 746 1287 blas.
775 1228 876 1306 Opera
905 1227 944 1286 ad
976 1228 1051 1288 Nic.
1080 1228 1203 1307 Erythrti

149 1327 356 1401 recensionem.
376 1325 535 1394 ‘Venetiis,
550 1325 627 1402 aliud
644 1325 815 1402 Rempazeti
837 1333 867 1382 et
886 1324 1001 1383 Sessae
1026 1324 1167 1384 heredes!
1182 1332 1205 1382 8.

149 1424 285 1500 Repetite
299 1420 462 1481 secundum
477 1420 524 1479 ed.
543 1419 629 1479 1565.

108 1550 149 1564 -
162 1507 272 1596 Opera,
287 1536 356 1578 cum
371 1515 547 1594 metaphrasi
561 1506 679 1575 Gallica
703 1515 824 1574 Roberti
838 1523 868 1574 et
883 1515 1013 1574 Aumnii
1036 1516 1206 1576 eneruem

149 1630 224 1675 rum.
240 1613 364 1689 Parisiis.
386 1623 415 1673 4.

108 1738 149 1752 —
163 1709 313 1778 Bucolica,
329 1708 408 1767 Petr.
424 1706 508 1765 Remi
523 1705 760 1784 praelectionibus
782 1705 928 1783 exposita.
943 1704 1030 1767 Edit.
1047 1722 1096 1768 tv.
1134 1704 1207 1768 rus

149 1803 265 1861 cofurti.
289 1811 317 1861 8.

25 1938 28 1944 ,
111 1905 187 1960 1583
210 1894 330 1955 ilenrici
344 1895 484 1972 Stephani
500 1910 540 1954 11.
562 1896 596 1954 Ρ.
611 1897 724 1973 Virgilii
739 1896 814 1957 Mar.
830 1898 985 1970 Poemata,
1001 1902 1090 1959 novis
1104 1894 1207 1959 sem

148 1994 300 2062 illustrata,
327 1995 386 2050 811.
442 1989 541 2049 Editio
568 1991 709 2049 secunda.
764 1993 858 2071 Typis
887 1991 981 2051 ilenr·
1011 1994 1164 2073 Stephani.
1182 2003 1206 2053 8.

149 2088 236 2149 eost.
251 2087 392 2147 blaittair.
406 2086 495 2145 Tora.
512 2096 565 2144 111.
582 2100 649 2163 pag.
664 2092 734 2154 787.
756 2096 786 2146 et
800 2087 857 2146 rirl.
872 2104 920 2146 an.
940 2090 1037 2158 1571.

109 2215 150 2235 ι·-
164 2186 307 2264 Erythraei
320 2199 383 2242 vu.
397 2181 589 2241 emendatior.
603 2183 636 2241 P.
651 2181 761 2258 Virgilii
785 2183 860 2240 Mar.
886 2180 1048 2255 Bucolica,
1072 2182 1207 2263 Gmgica

148 2291 178 2341 et
191 2283 298 2352 AEneis,
315 2281 383 2339 Nic.
399 2279 540 2358 Erythraei
563 2297 654 2354 opera
678 2279 707 2335 in
730 2276 881 2356 pristinam
896 2279 1060 2339 lectinmrn
1075 2282 1208 2348 restituta,

149 2385 179 2435 ct
192 2377 231 2435 ad
253 2377 393 2435 rationem
419 2376 484 2451 cius
504 2375 608 2432 iudicis
631 2375 752 2452 digesta,
780 2373 889 2433 additis
910 2375 1049 2450 ejusdem
1074 2374 1208 2456 Erythrai

150 2473 277 2541 scholiis,
299 2491 367 2531 cum
396 2470 507 2548 duplici
534 2471 660 2549 epistola
688 2468 766 2530 Frid.
797 2471 955 2548 Sylbargii.
1000 2471 1209 2541 ‘Francosurti

148 2567 230 2644 apud
246 2568 366 2625 heredes
381 2572 417 2625 Α.
433 2566 580 2625 wecheli)
601 2575 629 2626 8.
672 2566 842 2644 Sylburgius
857 2566 885 2623 in
907 2567 994 2644 praef.
1019 2588 1054 2626 se
1080 2586 1149 2626 cum
1168 2568 1209 2627 Jo.

149 2663 302 2737 Opsopoeo
318 2661 462 2736 Erythraei
484 2661 637 2739 Virgilium
664 2681 731 2720 curn
754 2661 854 2721 ludlce
873 2662 913 2720 ab
938 2658 1107 2722 innumeris
1130 2663 1208 2722 ureris

147 2754 331 2813 librariorum
347 2775 398 2812 scu
414 2759 664 2833 typographorum
680 2759 853 2837 negligentia
868 2758 958 2817 illatis
970 2776 1150 2838 repurgasse
1167 2760 1209 2827 ait,

116 2874 120 2883 ¹
148 2866 216 2928 quae
244 2849 374 2929 inprimis
409 2853 477 2911 edd.
510 2855 636 2912 Venetas
667 2855 753 2915 1565.
785 2853 870 2915 1566.
903 2863 996 2914 1582.
1024 2855 1208 2915 foedaverant.

149 2946 393 3025 lgituruded.1.
413 2956 500 3009 1538.
526 2968 588 3027 seq.
615 2951 712 3008 omnia
736 2951 915 3009 recensuisse
939 2950 1072 3010 ridetur.
1117 2949 1209 3010 Mirari

147 3054 247 3103 tamen
261 3044 340 3114 licet,
355 3044 447 3102 virum
473 3044 596 3103 doctum
618 3064 736 3122 operam
760 3044 901 3124 Erythraei
927 3047 1119 3124 nugatoriam
1140 3045 1209 3106 curis

149 3139 209 3199 suis
236 3140 356 3217 diguam
377 3141 520 3199 babuisse.
563 3141 653 3200 luder
677 3158 796 3220 qnoque
824 3141 984 3218 separatim
1007 3143 1141 3203 occurrit
1161 3142 1209 3201 boc

149 3237 251 3295 titulo:
273 3238 406 3294 ‘Vocum
431 3239 559 3295 omnium
581 3257 616 3296 ac
638 3258 733 3297 rerum
756 3239 785 3297 in
805 3238 928 3317 Virgilio
952 3238 1075 3318 syleae,
1097 3251 1208 3300 auctore

148 3331 219 3390 Nic..
235 3331 408 3408 Erythraeo!
429 3333 566 3395 Francof.
589 3344 618 3395 8.

109 3458 148 3470 —-
165 3426 278 3484 atdrnae
308 3428 336 3483 b.
356 3445 384 3484 a.
405 3446 421 3484 e
443 3429 500 3485 Ms.
524 3430 674 3507 Carpensi,
701 3430 740 3488 ab
765 3429 1056 3508 flegma-laudata,
1086 3431 1160 3490 uulh
1179 3428 1208 3487 fit

151 3520 258 3578 mentio
271 3520 349 3596 apud
367 3521 587 3583 Renouardum.
627 3524 703 3582 Vide
716 3545 785 3582 vero
799 3526 853 3582 sub
867 3544 912 3583 11.
931 3536 1024 3586 1585.
1139 3544 1142 3551 ·

113 3624 190 3676 1581
211 3617 366 3692 Georgica,
392 3617 470 3675 Petri
500 3621 584 3679 hami
608 3620 846 3698 praelectionibus
880 3621 1040 3682 illustrata.
1075 3620 1208 3688 ‘Parisiis

149 3713 229 3791 apud
246 3714 383 3772 lisererles
398 3715 491 3773 Andr.
508 3716 657 3777 wecheli!
679 3726 708 3777 8.
737 3774 741 3780 .

113 3818 190 3872 1585
211 3809 382 3887 Gryphiaua
396 3826 469 3871 1111.
487 3812 520 3871 P.
535 3814 647 3892 Virgilii
662 3814 737 3873 blar.
752 3815 865 3892 Opera,
891 3828 961 3873 cunr
975 3812 1206 3874 annotationibus

151 3908 233 3968 Pauli
255 3904 379 3965 Munatii
401 3910 430 3965 ln
455 3909 585 3988 rrrargine
611 3921 642 3970 et
666 3911 779 3988 Georg.
805 3908 932 3970 Fabricii
959 3904 1208 3973 observationibus

152 4005 320 4083 Virgilianae
344 4003 487 4063 lectionis.
530 4006 676 4086 Lugduni,
697 4006 778 4083 apud
794 4007 866 4067 Ant.
880 4001 1065 4087 Gryphium.
1081 4018 1110 4072 8.
1149 3999 1209 4065 bib

152 4095 236 4160 11111.
249 4099 396 4162 aeruca.
407 4101 440 4163 P.
456 4106 661 4182 repagaos.
675 4104 807 4166 111111.
