2664 4686
108 326 207 395 ,tamt
544 331 807 387 Annonem

640 495 705 560 vl.

124 626 304 691 Eorundem
326 644 468 689 neronom
489 618 671 686 scholastico
694 614 842 700 imitatio,
862 632 921 707 per
949 610 1104 682 Phocom
1123 608 1225 681 Gru·

165 706 312 792 morticino
342 748 379 790 en
406 724 474 789 cito
508 719 640 808 Virgilii
670 720 900 825 Frogmentum.
947 717 1039 788 Ibid.
1074 717 1140 806 Ep.
1164 708 1224 785 185

100 852 125 903 ,·
168 829 303 893 Possunt
324 829 426 895 verior
448 846 507 912 pro
531 848 598 890 cnr.
625 823 694 889 tect.
717 849 754 888 no
777 821 960 909 corruptelis
980 820 1156 908 superioris
1172 830 1225 884 cnr·

58 992 63 997 .
85 948 101 965 ‘
165 932 258 996 minis
274 955 294 995 o
310 954 398 1000 verso
413 929 485 994 inde
498 931 543 995 22
557 927 667 993 interi
678 926 855 1015 t—Iingnn.

124 1067 253 1133 Nescio
267 1067 359 1151 qnid,
372 1067 520 1150 fugiente
535 1067 656 1143 ammo,
670 1084 736 1129 non
750 1068 880 1148 sponte,
895 1061 955 1129 sed
971 1056 1055 1127 allis

125 1172 330 1256 Expugnntn
343 1171 453 1249 molis,
468 1169 547 1236 odio
561 1168 729 1252 languoris
743 1166 867 1251 iniqui:
945 1194 952 1207 ·

45 1320 48 1325 -
124 1273 267 1339 lnlertnr
280 1273 395 1358 Tyriae
409 1278 488 1357 post
501 1271 637 1338 vulnera
651 1271 771 1335 vulnus
786 1258 915 1335 Eliseei

125 1366 251 1440 Sentiet
265 1376 445 1459 applicitos
461 1375 593 1439 turbata
607 1373 738 1458 Sibylla
751 1390 893 1455 vapores

125 1471 267 1561 Ejurntn
281 1477 390 1543 morit
408 1494 471 1540 neo
487 1475 619 1558 cingulo
631 1474 747 1539 reddet
760 1460 938 1552 Amazoni
1212 1460 1230 1527 t

126 1579 174 1646 Di
187 1580 325 1645 meliora
337 1578 423 1656 dote,
438 1596 479 1643 oo
495 1596 630 1641 sensum
642 1581 798 1641 revocate
812 1578 997 1637 nocentem.

125 1681 219 1748 Pace
233 1682 296 1747 viri
309 1681 410 1746 liceat
423 1680 519 1745 tanti.
564 1676 640 1743 Nec
657 1674 834 1740 commodo
847 1673 971 1757 lingnae

120 1781 251 1847 Divitis
267 1785 444 1847 intereant:
466 1801 525 1869 per
541 1767 642 1863 qnam
656 1776 811 1845 Romano
825 1777 985 1862 juventus
1072 1840 1076 1845 ,

88 1882 92 1887 ’
126 1872 299 1949 AEtemum
312 1885 419 1948 floret.
463 1881 600 1959 Verum,
615 1880 705 1965 quod
721 1880 869 1965 jusserat
881 1869 951 1955 ille,

127 1985 181 2050 Sit
193 1985 344 2054 vetuisse¹
354 2002 474 2049 meum.
519 1980 610 2046 Nom
623 1987 702 2067 post
716 2000 778 2047 sua
790 1989 941 2062 tempora
955 1978 1040 2043 vitae
1197 1968 1233 2039 10

127 2085 209 2151 Non
222 2092 344 2153 tacent.
388 2082 496 2153 Immo
510 2089 668 2165 aeternnm
681 2087 851 2147 resonante
865 2076 1034 2143 Cnmoeno

31 2276 38 2284 .
128 2185 303 2266 Inudetnr,
319 2184 465 2273 placent,
480 2184 584 2263 vivat,
597 2173 770 2267 relegetur,
784 2187 918 2246 ametur.

170 2583 567 2665 ARGUMENTA
609 2580 868 2664 OPERUM
909 2582 1199 2707 vilemelt.

590 2747 620 2811 1.
662 2745 781 2833 (vn.)

119 2873 313 2940 ·Sclolostiei
340 2876 499 2962 crq'usdom
524 2880 624 2964 poito
653 2892 835 2968 argomento
860 2880 1007 2948 AEneidic
1035 2883 1094 2948 ont
1124 2881 1237 2948 nomine

460 2979 580 3046 Ovidii.
626 2981 710 3046 Ittd.
727 2982 788 3069 Bp.
804 2985 878 3050 192.

585 3133 794 3184 Pnnrtnto.

132 3243 295 3328 Virgilius
309 3271 431 3334 magno
441 3260 605 3336 'quantum
619 3257 785 3319 concessit
800 3253 966 3344 Hornoro,

118 3353 124 3441 '-
173 3345 320 3414 Tantum
335 3371 398 3434 ego
412 3353 555 3436 Virgilio
572 3355 669 3420 ano
683 3356 785 3439 poita
798 3372 883 3418 meo.

131 3436 206 3509 Neo
220 3467 273 3511 me
288 3452 461 3531 praelatum
476 3456 577 3537 cupio
593 3457 654 3519 tibi
667 3456 750 3519 ferre
766 3455 879 3539 po'etn.

120 3576 153 3599 w
175 3545 310 3629 Ingenio
323 3555 450 3615 tontum
464 3555 494 3617 si
507 3554 637 3638 loquor,
653 3557 717 3622 hoc
732 3558 816 3621 satis
829 3563 890 3620 est.

131 3643 335 3729 Argumenta
349 3651 483 3735 quidem
496 3655 654 3720 librorum
669 3658 776 3741 primo
789 3658 915 3735 notavi,

174 3746 326 3813 Errorem
341 3753 473 3833 ignarus
487 3774 529 3818 no
544 3757 619 3839 quis
632 3758 753 3822 habere
766 3766 878 3842 quent.

632 3931 737 3983 NOTA

59 4008 65 4018 ⁸
163 4021 226 4066 ηδ
244 4018 287 4068 De
304 4018 451 4086 Hippolyte
466 4024 664 4092 nihllVlrgillno
704 4045 771 4094 equo
794 4031 888 4082 relicto
909 4031 992 4096 pedes
1017 4039 1121 4099 pugnat
1142 4049 1166 4083 r.
1185 4037 1238 4083 ne

131 4088 219 4153 nabet,
236 4093 306 4156 qnod
317 4095 369 4146 true
380 4097 487 4151 referto.
520 4103 600 4153 Forte
615 4105 664 4155 cn·
704 4113 734 4155 nt
754 4107 851 4171 ctrgnto
869 4107 965 4159 inscite
986 4123 1037 4175 pro
1057 4109 1150 4162 smnio
1168 4109 1236 4161 otei·

129 4163 202 4216 mul·
222 4166 375 4237 deoigmon
392 4174 451 4227 AEn.
470 4190 510 4229 xr-
527 4181 585 4231 ote.
605 4193 664 4245 qo·
702 4182 764 4234 rint.
