2664 4686
125 295 212 362 4100
289 281 299 290 ’
532 308 829 373 (excursum.

6 479 9 483 ’
127 461 198 522 tum
218 457 292 532 est),
306 471 442 537 suaeque
463 451 543 517 artis
561 453 706 518 rationes
727 455 957 518 secutus-esse
977 450 1149 525 diourdus·
1185 451 1217 518 lr

126 556 211 621 hanc
233 561 341 639 tamen
369 553 411 619 de
440 554 627 619 discrimine
651 555 735 620 inter
763 552 875 638 fflteo
898 553 1099 619 etartificis
1120 572 1218 639 opera,

128 675 305 739 eorumque
320 673 443 721 causas
464 673 506 720 ac
526 658 678 735 rationes,
701 655 960 740 disputationem
978 654 1220 721 incidissel»

128 758 280 839 elogium,
293 758 446 841 estquod
468 759 676 841 grandemm,
698 777 774 823 eum
794 757 827 821 ei
847 757 1220 840 norun-precamus

1 916 8 929 .
126 859 258 924 nomine
279 860 470 943 inscriptum
491 860 680 925 debeamus
726 858 769 923 In
783 856 1025 923 Holdswortlnii
1045 862 1082 922 et
1101 855 1219 943 spurii

128 962 286 1025 Annotat.
299 966 333 1025 et
347 960 448 1028 Obss.
463 963 552 1027 adh.
563 964 587 1027 1.
602 966 703 1029 etiam
715 962 874 1028 nonnulla
886 981 992 1046 nuper
1006 961 1161 1046 legimus,
1171 959 1220 1025 md

129 1061 281 1145 vulgaria
294 1061 372 1142 fere,
388 1064 510 1149 partim
524 1066 662 1130 etsalsa.

557 1384 811 1403 —u—-tmfi

453 1602 911 1702 nxcuasusvu

431 1828 700 1883 ndocoomnls
728 1827 963 1880 CLAMORES.
1043 1830 1046 1837 '

143 2023 146 2027 ,
176 1995 218 2056 11,
232 1977 308 2043 222.
331 1980 342 2011 ‘
357 1974 525 2044 Clamores
541 1981 640 2044 simul
652 1979 833 2045 horrendos
847 1979 889 2042 ad
912 1977 1023 2042 sidera
1037 1977 1133 2043 tollit'
1148 1979 1222 2044 Iao

132 2097 229 2149 coon.
275 2076 362 2156 Quae
385 2078 475 2143 docti
489 2080 553 2143 viri
577 2085 738 2145 nostrates
760 2095 864 2161 nuper
890 2097 989 2161 super
1001 2078 1037 2141 h.
1052 2079 1074 2141 Ι.
1090 2078 1225 2163 disputa·

130 2181 206 2258 rint,
221 2182 490 2244 recenti.tenetur
510 2182 683 2244 memoria.
728 2176 815 2243 Mihi
830 2177 975 2262 quidem,
992 2180 1075 2261 quid
1088 2181 1123 2243 in
1137 2177 1225 2262 poeta

131 2279 361 2344 excusandum
383 2278 438 2344 vel
456 2276 695 2344 defendendum
707 2281 810 2345 videri
830 2279 959 2356 debeat,
980 2279 1129 2365 nondum
1154 2279 1227 2343 satis

131 2378 246 2462 liquet.
288 2378 387 2444 Certe
408 2398 450 2442 ne
470 2379 631 2442 clamores
651 2380 856 2454 memoraret,
880 2377 962 2439 nihil
981 2397 1057 2440 eum
1079 2368 1229 2443 deterrere

131 2481 249 2562 potuit.
295 2479 385 2543 Nam
398 2479 432 2540 in
447 2476 637 2542 Laocoonte
659 2496 719 2540 nec
741 2477 851 2540 herois
866 2482 925 2539 aut
944 2478 1055 2557 magui
1068 2477 1136 2541 viri
1148 2479 1230 2542 sorti·

131 2580 213 2647 tudo
228 2579 469 2655 etoonstantia,
483 2597 544 2642 nec
560 2578 704 2642 Romani
722 2578 867 2660 pectoris
890 2576 1095 2659 gladiatoriis
1109 2586 1231 2663 speeta-

133 2680 218 2745 oulis
232 2677 355 2741 efferati
368 2678 556 2741 immanitas
579 2679 712 2742 omnino
733 2678 837 2740 ullum
858 2678 977 2740 habere
990 2682 1103 2767 potest
1115 2679 1230 2746 locum·

132 2776 310 2859 Agendum
324 2782 394 2840 erat
408 2775 518 2858 poete
532 2778 682 2859 inprimis
695 2777 770 2854 hoo,
795 2784 833 2841 ut
852 2783 1039 2861 portentum
1059 2781 1193 2846 terroris
1204 2786 1242 2857 et¹

131 2877 276 2943 horroris
297 2877 430 2959 plenum
452 2876 628 2955 offerretur,
643 2898 709 2961 quo
723 2877 861 2961 Trojani
883 2879 1106 2962 obstupefacti
1128 2883 1232 2966 strepi·

1 2967 3 2984 '
133 2981 262 3045 cionem
276 2977 402 3043 fraudis
424 2979 533 3042 animo
558 2978 756 3044 dimitterent
768 2985 801 3042 et
815 2978 948 3063 Equum
968 2982 1003 3043 in
1021 2982 1139 3046 urbem
1159 2983 1232 3047 reoi-

132 3085 254 3164 perent.
292 3079 333 3144 In
347 3081 404 3145 tali
419 3080 560 3145 consilio
575 3077 716 3142 clamoris
728 3081 812 3144 ratio
825 3080 939 3145 haberi
955 3099 977 3142 a
989 3080 1095 3163 poeta
1107 3089 1234 3165 poterat

132 3181 299 3260 hactenus,
322 3181 409 3266 quod
431 3181 474 3244 ad
495 3186 649 3246 terrorem
678 3180 861 3262 augendum
890 3180 1050 3244 clamores
1079 3181 1232 3265 ingentes,

134 3302 217 3366 quos
232 3282 303 3346 tolli
316 3281 444 3358 audias,
457 3281 567 3346 facere
588 3288 731 3364 possunt
744 3286 778 3344 et
791 3281 870 3363 ipsi,
887 3283 922 3344 in
941 3286 1009 3344 tam
1023 3284 1131 3347 atroci
1143 3303 1232 3359 casu,

133 3383 167 3444 iu
183 3402 248 3464 quo
262 3389 385 3446 naturae
400 3383 562 3465 impulsus
576 3384 624 3447 ita
638 3382 709 3460 fert,
724 3389 760 3444 ut
774 3381 950 3446 clamorem
964 3382 1074 3448 tollas.
1106 3384 1232 3470 Neque

132 3501 174 3545 ea
188 3501 240 3545 res
254 3481 423 3546 fastidium
448 3490 506 3547 aut
524 3484 809 3567 reprehensionem
830 3483 948 3548 habere
963 3489 1083 3567 potest.
1127 3485 1233 3551 Enim·

133 3602 213 3649 uero
235 3582 359 3646 doloris
381 3584 472 3660 victi,
495 3592 698 3669 questusque
719 3585 861 3669 repressi
882 3584 936 3648 vel
957 3588 1144 3668 temperati,
1166 3588 1232 3652 lam

133 3684 266 3747 omnino
280 3683 397 3748 suisset
422 3686 523 3750 nulla.
570 3686 649 3749 Non
673 3687 760 3750 enirn
780 3685 824 3748 de
848 3706 959 3767 pugna
972 3687 1234 3771 vulnerequeac·

133 3790 232 3869 oepto
248 3785 365 3865 agitur
406 3785 498 3850 Nihil
520 3787 575 3850 hic
597 3786 639 3849 de
651 3788 769 3850 virtute
790 3786 936 3863 militari,
951 3787 1032 3850 nihil
1053 3786 1098 3852 de
1112 3788 1233 3853 fortitu·

133 3886 208 3950 dine
234 3884 404 3966 sapientis.
458 3884 687 3951 Constantiam
717 3905 759 3950 ac
783 3885 990 3950 tolerantiam
1019 3886 1055 3950 in
1084 3887 1234 3970 prodigio

134 3989 270 4072 ejusque
292 3986 423 4050 horrore
443 3985 640 4053 declarando
661 4007 758 4052 nemo
779 3986 956 4051 desiderat.
1000 3985 1111 4052 Aliter
1131 4007 1184 4052 res
1201 3996 1235 4050 st

5 4122 13 4138 ·
133 4087 266 4155 haberet
279 4091 312 4155 in
326 4089 517 4166 Laocoonta
529 4090 566 4154 in
577 4109 709 4166 suenum
722 4087 895 4173 producto,
904 4087 1035 4173 quando
1045 4106 1156 4155 mores
1168 4089 1235 4174 qut
