2664 4686
107 310 198 393 4568
476 316 674 383 aaoasmua
694 320 866 387 duumuir

110 468 372 555 mbideeutraqne
383 467 457 529 inter
471 485 504 527 re
517 465 683 529 comentit:
711 464 753 529 ita
775 474 820 536 at.
840 464 1110 545 emundanda·
1129 467 1223 535 lion·

111 586 182 628 num
197 566 328 627 codicem
342 583 425 624 suam
438 561 578 623 familiam
593 561 703 622 ducere
716 560 856 634 diximus,
876 563 922 623 aio
948 563 993 623 als
1013 561 1128 635 eade·
1147 567 1225 644 st'np

110 662 275 749 procedant
294 660 463 732 medicem,
484 658 654 733 Gudianus,
675 657 894 738 tornodorum
915 668 1002 732 tert..
1022 659 1225 736 nmmos

111 762 400 840 Morenpnetsec.
420 765 452 818 et
472 756 637 835 Hamburg.
652 775 713 835 pr„
740 754 838 816 Nobis
861 763 962 817 tamen
988 756 1023 817 in
1042 757 1108 821 line
1136 758 1228 822 nadis

111 857 236 919 (ϋιιιιιι
248 876 352 918 manus
365 873 519 920 occurrere
533 853 605 914 visas
618 863 698 917 sunt,
738 852 947 917 muamus
960 853 1045 915 ιιιὶιι
1068 864 1105 917 et
1124 854 1229 935 ἰιιιμ·

110 955 189 1015 imus
211 953 355 1015 codicem
376 974 394 1014 e
416 952 597 1013 bibliotheca
610 949 890 1030 Guelplrerbytana,
910 950 942 1011 in
968 969 1033 1028 qna
1057 969 1146 1013 namo
1165 953 1230 1015 iata

113 1049 252 1115 Gudiana
275 1059 449 1120 asservatur,
481 1048 520 1108 ad
549 1047 702 1126 Collegam
724 1046 947 1117 amicissimum,
986 1046 1229 1128 mentus-

112 1146 253 1219 missum3
285 1145 405 1225 quando
425 1142 501 1206 illud
524 1144 612 1205 etiam
631 1143 745 1221 adquot
767 1141 905 1205 touonm
919 1145 1232 1229 munerationem·-

106 1243 258 1312 novimus,
277 1261 391 1302 summa
404 1240 553 1321 diligentia
573 1241 612 1303 ab
634 1238 755 1301 Heinsio
776 1238 886 1301 librum
908 1238 993 1301 hunc
1015 1260 1185 1305 mussa·
1204 1253 1232 1305 at

112 1348 285 1418 ucerptnm
299 1358 373 1411 esse,
394 1358 483 1418 quem
497 1339 545 1398 ille
557 1357 576 1398 a
590 1337 707 1416 Marqu.
721 1337 825 1399 Gudio
838 1347 1013 1414 acceperat,
1033 1356 1111 1401 eum
1131 1339 1231 1403 ism

110 1432 249 1515 Lugduni
273 1435 302 1495 in
316 1434 414 1495 Gallis
426 1434 609 1495 redemisset.
652 1432 728 1494 Illud
751 1431 827 1494 forte
852 1451 972 1492 mouere
997 1452 1061 1493 non
1085 1445 1231 1497 munet

114 1529 215 1592 inutile
230 1529 326 1602 luerit,
347 1532 376 1589 in
389 1533 447 1592 Ge.
464 1549 487 1591 r.
503 1540 570 1608 post
584 1546 616 1589 v.
633 1538 682 1591 52.
697 1549 757 1590 non
771 1549 836 1589 esse
850 1529 977 1601 hiatum
999 1539 1035 1595 nt
1056 1530 1091 1591 iu
1106 1532 1230 1612 rnrgine

113 1628 276 1709 acerimum
290 1637 347 1701 est,
367 1627 419 1688 sed
434 1628 690 1706 transpositionem
705 1644 852 1686 remnum.
887 1625 1063 1711 Sequuntur
1077 1629 1159 1691 eain
1173 1648 1231 1689 rer·

113 1742 162 1785 rus
202 1732 334 1789 sanos.
369 1724 562 1807 paulopost
599 1740 700 1782 versus
727 1729 878 1784 lom-lito.
915 1722 994 1781 male
1018 1723 1072 1783 ltin
1101 1725 1230 1787 innita.

112 1802 205 1883 Porro
219 1821 278 1880 Ge.
290 1837 329 1882 ιι.
344 1830 410 1898 post
421 1840 450 1880 v.
466 1830 516 1883 52.
532 1819 638 1880 lacuna
648 1819 677 1877 in
692 1816 797 1878 oculos
811 1816 933 1878 incurrit
946 1817 986 1877 ad
1003 1837 1032 1878 ι.
1047 1819 1125 1883 260.
1146 1839 1229 1900 qna·

112 1914 231 1994 explere
247 1914 341 1976 voluit
361 1915 418 1975 alia
440 1914 493 1975 sed
517 1913 792 1987 musculorumue,
814 1933 869 1973 nee
890 1923 989 1975 tamen
1013 1913 1080 1979 folii
1104 1917 1229 1996 men·

112 2010 419 2095 elnonensem.
441 2010 479 2070 ad
500 2020 571 2074 211.
595 2009 743 2088 capiebat.
787 2013 827 2071 At
848 2010 888 2070 ab
910 2011 1038 2089 antiqua
1060 2031 1157 2074 mann
1168 2014 1229 2092 jan

113 2108 184 2170 olim
198 2109 274 2170 idem
290 2109 430 2173 damnum
445 2115 556 2169 sartum
570 2126 633 2168 esse
648 2105 893 2184 deprehendimus
905 2105 935 2179 ia
948 2104 1033 2178 tolio,
1055 2108 1145 2185 quod
1158 2109 1231 2173 asle

115 2205 154 2266 ad
168 2206 290 2278 calcem,
312 2207 426 2267 inversa
441 2203 561 2285 quidem
577 2204 660 2274 faeie,
680 2203 752 2263 dum
778 2203 1027 2281 compingebatur
1040 2203 1130 2277 liber,
1151 2224 1229 2267 assu·

114 2308 177 2389 tum
193 2312 257 2374 est3
281 2318 450 2383 quanquam
465 2321 520 2361 nec
535 2302 592 2361 hoe
608 2300 727 2360 ulterius
741 2319 829 2379 quam
844 2298 884 2359 ad
898 2319 974 2361 vers.
988 2309 1064 2371 234.
1076 2302 1229 2380 procedit:

113 2397 166 2458 sed
181 2398 260 2458 frons
274 2401 339 2477 ejus
353 2401 446 2459 altera
460 2398 565 2460 abrasa
575 2417 668 2476 nugas
682 2398 721 2457 ab
736 2408 853 2459 recente
873 2416 962 2458 manu
976 2398 1111 2477 recipere
1126 2410 1230 2461 coacta

115 2493 182 2554 fnit.
225 2496 349 2556 Videtur
359 2495 496 2556 Heinsius
510 2488 568 2554 lroc
582 2496 639 2554 sub
654 2495 808 2572 fragmenti
822 2492 956 2555 Gudiani
970 2494 1094 2555 nomine
1110 2495 1228 2557 laudare

113 2589 152 2650 ad
169 2593 227 2651 Ge.
244 2608 282 2650 11.
297 2600 346 2653 82.
356 2614 365 2662 ;
389 2611 467 2662 nani,
490 2591 571 2670 quod
594 2592 702 2655 ibidem
721 2610 775 2669 pro
789 2590 923 2651 Gudiani
937 2590 1006 2650 iibri
1019 2591 1152 2653 lectione
1165 2614 1230 2661 oea·

113 2686 235 2756 ditatur,
256 2694 264 2721 ⁸
277 2689 380 2746 mirata
394 2699 439 2747 est
454 2693 531 2766 que,’
552 2687 579 2746 in
595 2689 755 2749 recentiore
770 2688 819 2757 illu
834 2686 918 2759 sotio,
932 2686 1016 2766 quod
1032 2699 1105 2751 ante
1120 2709 1227 2751 neuo-

113 2781 263 2853 ralramus,
285 2782 400 2860 legitur.

152 2878 290 2942 Ceterum
305 2876 428 2939 infinitis
441 2878 470 2939 in
485 2878 557 2939 locis·
573 2880 726 2941 turbatum
740 2889 786 2942 est
800 2880 828 2940 in
844 2880 892 2940 his
902 2881 1026 2941 variant.
1040 2881 1226 2952 lectionibus.

114 2975 195 3054 quod
210 2995 255 3036 eae
269 2973 306 3035 ad
322 2974 452 3035 diversas
467 2974 611 3036 editiones
626 2987 755 3037 enotatas
774 2985 803 3037 et
823 2976 961 3056 ascriptas
973 2988 1080 3049 erant3
1102 2979 1135 3039 id
1148 2979 1229 3057 quod

112 3091 166 3151 per
180 3082 275 3133 tutum
291 3073 349 3132 hoc
366 3072 453 3132 variae
466 3071 599 3132 lectionis
618 3093 720 3151 genus,
742 3073 771 3132 in
793 3072 857 3132 aliis
879 3093 1001 3153 quoqne
1021 3077 1226 3156 scriptoribus,

112 3168 259 3229 molestias
274 3169 344 3229 lacit
359 3168 535 3240 innumeras,
557 3169 747 3248 inprimisque
761 3169 851 3230 tidem
870 3182 901 3231 et
924 3170 1111 3251 diligentiam
1122 3171 1228 3235 exseri·

113 3264 209 3327 nentis
223 3264 302 3325 haud
316 3285 382 3326 raro
396 3266 425 3325 iu
439 3266 633 3344 suspicionem
648 3265 781 3328 adducit.
824 3266 916 3328 Valde
931 3270 1092 3332 molestum
1112 3283 1146 3333 et
1157 3271 1227 3331 illud

112 3371 165 3432 est,
186 3362 266 3439 quod
282 3362 421 3422 Heinsius
436 3384 495 3423 non
510 3364 632 3436 notavit,
655 3382 744 3442 quam
759 3364 928 3436 editionem,
949 3365 989 3426 ad
1005 3386 1090 3428 suam
1105 3367 1224 3429 criticen

111 3456 310 3530 emendatam,
332 3461 430 3538 operis
446 3461 571 3522 librariis
584 3461 790 3522 excudendum
805 3461 970 3535 tradiderit,
985 3473 1039 3523 aut
1052 3484 1144 3542 quam
1158 3475 1224 3525 ante

111 3554 214 3617 nanim
230 3554 377 3629 hebuerit,
399 3557 469 3618 dum
493 3557 640 3636 vulgatam
665 3568 817 3619 memorat.
861 3558 1015 3626 Unamex
1039 3560 1225 3623 Elaevirianis

111 3651 201 3715 foisse
220 3672 279 3714 non
294 3652 418 3725 dubit03
441 3653 595 3734 probabile
613 3653 659 3725 iit,
681 3655 774 3733 patris
787 3654 916 3716 Danielis
930 3654 1033 3717 fuisse.
1077 3657 1225 3719 interdum

111 3755 208 3810 tamen
224 3748 387 3812 Pierianam
401 3752 567 3824 lectionem,
588 3772 654 3832 quar
676 3763 738 3813 erat
758 3752 874 3813 Aldina
893 3751 993 3832 primae
1015 3754 1063 3813 vel
1078 3753 1225 3824 secunde,

109 3854 188 3909 nota
204 3865 266 3908 sun
280 3847 418 3927 praefixit.

505 3945 625 4008 Codices
640 3948 824 4009 Burmanni.

123 4116 129 4126 ‚
150 4058 230 4111 xiv.
252 4042 391 4118 Codices,
415 4043 524 4122 quibus
546 4044 581 4106 P.
604 4046 789 4107 Burmannus
804 4062 873 4106 usus
887 4052 945 4117 est,
965 4062 1071 4117 omnes
1088 4044 1149 4105 lere
1162 4054 1225 4111 suut

42 4348 118 4363 a*
