2664 4686
174 288 264 359 w
607 296 808 355 RXOUBSUR
829 296 861 355 is

177 456 439 539 interpretantur,
464 468 541 533 quae
569 444 670 511 ardea
692 451 824 523 essent3
860 442 922 509 sed
951 441 1010 509 his
1036 437 1103 504 vix
1128 437 1276 505 &efflui

96 628 100 635 ‚
178 562 325 643 possunt.
376 551 494 636 (Nunc
508 536 605 634 pluis
618 548 841 615 dehisalloto
853 552 934 611 sunt
957 565 980 609 a
1003 541 1277 612 Bockmam

181 658 303 724 Mirab.
320 654 434 718 Audit.
449 673 480 718 c.
495 654 538 717 80
562 672 596 736 p.
611 653 676 717 157
690 671 741 735 sq.
796 649 875 716 Hoc
895 667 1000 713 unum
1024 649 1277 727 addant&

175 777 311 842 quoque
326 759 437 820 avium
453 755 707 820 Diomedeanrm
721 753 974 836 descriptionem
999 758 1036 815 et
1057 752 1277 834 imaginun

180 858 360 944 Veryard’s
387 858 543 922 Aooouut
561 857 601 921 oi
619 857 728 921 divers
751 853 868 918 ohoioo
891 851 1066 917 Remarks
1092 851 1200 918 taken
1218 855 1278 919 in

179 960 328 1044 Journey
342 982 377 1044 p.
392 961 468 1037 359,
482 961 568 1024 1701
584 960 660 1038 sol-3
690 958 750 1023 sed
767 976 829 1021 nee
852 958 882 1019 is
903 957 1049 1021 scientia
1063 955 1278 1021 natumntit

179 1062 244 1132 tuit
257 1059 464 1145 instructus.)
511 1062 617 1126 Varie
630 1067 747 1125 oruata
767 1079 790 1124 a
810 1060 920 1142 potitis
933 1057 1123 1123 estfabuln
1136 1056 1278 1135 desedi

175 1164 218 1233 in
229 1182 310 1229 aves
323 1167 457 1229 mutatis
472 1184 532 1228 seu
546 1165 627 1228 vivo
640 1182 699 1226 seu
713 1167 842 1225 mortuo
857 1158 1034 1225 Diomede.
1091 1157 1154 1223 Ita
1172 1157 1276 1245 my&

178 1266 416 1333 ocoedentibus
444 1265 600 1341 insestae,'
615 1262 747 1328 Graecis
783 1264 901 1326 amicae
930 1280 1012 1327 eves
1042 1279 1125 1325 esse
1154 1264 1276 1327 namts

105 1374 108 1383 '
181 1372 281 1433 runt:
305 1365 462 1433 Antonin.
477 1367 499 1430 l.
515 1385 546 1429 c.
572 1365 744 1429 Plinio.
767 1363 891 1428 Strabo
906 1379 957 1439 vr,
973 1383 1007 1445 p.
1019 1361 1092 1427 435
1107 1380 1149 1428 n.
1172 1364 1277 1429 Men

179 1467 233 1534 Η.
248 1465 293 1534 A.
309 1485 334 1546 ι,
348 1449 465 1544 aaut
480 1489 512 1532 v.
527 1466 715 1531 Schneider.
772 1464 914 1528 noers
937 1463 982 1527 ab
1006 1465 1089 1528 niis
1104 1465 1277 1532 -auctao

182 1571 301 1634 muab.
324 1569 476 1635 Auscult.
505 1571 527 1635 l.
552 1591 596 1647 o„
623 1570 680 1653 qui
706 1586 787 1632 aves
810 1567 962 1630 extitisse
986 1567 1034 1630 ait
1060 1566 1228 1632 Diomede
1245 1565 1276 1629 el

177 1669 299 1748 ΕΜ,
315 1675 372 1755 qui
386 1694 439 1735 rer
453 1670 510 1735 illa
526 1670 592 1736 loco
608 1669 742 1748 tenebat,
756 1688 816 1753 per
830 1666 968 1731 insidias
983 1669 1116 1733 occiso.
1177 1669 1277 1735 Potest

184 1770 235 1831 ὑπὸ
258 1776 308 1833 τοῦ
331 1770 426 1837 Αἰνέου
450 1774 554 1837 videri
568 1771 760 1836 mutandum
780 1772 815 1834 in
837 1770 888 1835 dri
901 1775 951 1831 τοῦ
966 1767 1099 1836 Antinoo:
1134 1774 1187 1838 sic
1205 1773 1277 1836 enlm

183 1871 262 1935 olim
281 1874 427 1937 nonnulli
452 1873 668 1936 tradiderant:
702 1892 734 1935 v.
760 1871 873 1935 Schol.
895 1870 1063 1955 Lycophr.
1088 1873 1135 1937 ad
1154 1893 1190 1938 r.
1204 1874 1277 1953 6033

183 1988 262 2035 nam
275 1973 408 2036 omniuo
423 1972 565 2037 diversae
579 1973 620 2036 de
636 1972 811 2035 Diomedis
832 1977 935 2037 morte
956 1977 1051 2035 eraut
1075 1976 1278 2049 narrationes,

114 2072 116 2076 '
175 2081 335 2140 monente
361 2074 567 2156 Strabonel.
592 2095 623 2140 c.
644 2096 678 2158 p.
701 2074 778 2139 436.
834 2073 888 2138 De
912 2073 1024 2137 AEnea
1048 2075 1200 2156 cogitare
1222 2096 1278 2141 uon

175 2173 279 2241 licet:
309 2195 386 2240 nam
409 2196 618 2258 congressum
641 2194 816 2239 eumcum
839 2172 1002 2239 Diomede
1020 2192 1121 2239 nemo
1145 2186 1279 2243 veterum

183 2275 331 2353 tradidit,
346 2277 520 2342 Pausania
533 2283 618 2341 teste
632 2277 689 2340 lib.
705 2293 729 2351 1,
745 2276 788 2339 11
802 2273 826 2337 t.

229 2375 339 2442 Unum
353 2379 461 2442 adhuc
477 2396 729 2442 commemorare
747 2377 855 2459 juvat,
877 2375 967 2457 quod
990 2373 1127 2441 Plinius
1139 2378 1200 2441 lib.
1215 2397 1277 2457 xil,

182 2476 345 2542 duotavit
369 2483 425 2555 (ex
447 2475 675 2562 Theophrasto
691 2477 737 2542 Η.
754 2476 863 2540 Plant.
880 2493 932 2553 ιν,
947 2474 997 2559 7),
1018 2478 1163 2559 primum
1184 2477 1280 2563 platu-

184 2598 258 2645 nem
272 2580 306 2642 in
320 2579 404 2642 hanc
418 2581 564 2644 insulam
579 2580 622 2642 ad
636 2577 809 2643 Diomedis
820 2579 977 2641 mmulum
987 2579 1175 2644 omaudnrn
1186 2580 1280 2646 suisa

183 2677 358 2755 invectam,
375 2680 451 2742 inde
477 2681 510 2742 in
535 2680 685 2743 Siciliam
700 2686 948 2762 transgressam,
962 2698 1045 2743 mox
1060 2678 1172 2746 Italiae
1186 2682 1280 2747 dona·

182 2782 250 2840 tom
266 2778 308 2840 ad
329 2779 413 2841 alias
427 2785 529 2843 terras
543 2781 745 2863 pervenisse.
791 2778 956 2856 Quantum
970 2772 1080 2843 temen
1101 2800 1148 2846 ex
1167 2781 1281 2848 Cicho·

182 2880 265 2945 rolla
286 2882 484 2964 intelligitur,
499 2902 542 2945 ex
566 2883 676 2945 insula
700 2884 757 2946 illa
779 2902 864 2946 nuuc
887 2882 1010 2946 exulat.
1069 2882 1150 2948 Fuit
1169 2887 1280 2951 similis

175 2981 299 3047 ⁴fabula
312 2983 353 3048 de
368 2992 467 3066 myrto
492 2984 635 3065 primum
658 2985 692 3045 in
717 2983 891 3066 Elpenoris
914 2984 1039 3047 tumulo
1062 2993 1187 3053 enata:
1218 2989 1279 3052 rid.

104 3150 118 3169 ,
183 3082 271 3149 Plin.
289 3100 353 3161 xi,
368 3104 396 3148 s.
413 3085 467 3148 36.
511 3082 563 3147 Cl'.
578 3104 652 3166 sup.
667 3083 809 3147 Excurs.
826 3101 836 3145 1
855 3083 898 3145 ad
911 3083 968 3147 lib.
989 3088 1120 3151 vrrsub
1135 3089 1161 3152 f.
1204 3088 1279 3152 Late

173 3190 293 3247 autem
316 3184 490 3248 Diomedis
514 3205 633 3248 nomeu
656 3205 715 3267 per
730 3184 860 3248 Italiam
883 3186 1051 3267 pertinuit.
1108 3188 1200 3254 Nam
1219 3208 1277 3253 non

183 3282 285 3366 Arpis
297 3284 396 3346 modo
409 3285 469 3347 sed
485 3284 670 3367 Metaponti
684 3305 725 3348 ac
738 3284 869 3348 Thuriis
892 3306 952 3367 pro
970 3287 1072 3352 heroii
1094 3291 1206 3356 cultus
1222 3291 1277 3355 ser·

184 3368 266 3446 tur:¹
280 3382 347 3445 vid.
373 3383 486 3447 Schol.
503 3384 638 3448 Pindari
662 3384 705 3448 ad
728 3385 827 3450 Nem.
851 3403 891 3462 x,
916 3388 969 3450 12.
1022 3388 1177 3455 Plurium
1197 3391 1274 3455 idem

183 3482 311 3545 urbium
325 3481 456 3546 habitus
469 3484 628 3562 conditor,
651 3493 686 3550 ut
709 3504 810 3583 supra
829 3497 1118 3557 commemoratum
1138 3501 1199 3559 est.
1224 3491 1274 3556 -Et

183 3588 365 3646 monstrata
379 3591 510 3651 vetusta
525 3587 661 3651 donaria
685 3588 858 3652 Diomedis
871 3596 904 3653 et
918 3592 1088 3656 sociorum
1113 3615 1206 3660 arma
1219 3594 1272 3658 In·

183 3685 283 3749 oeriae
306 3686 339 3748 in
362 3689 485 3769 templo
512 3689 693 3756 Minervae:
728 3692 838 3756 Strab.
856 3709 905 3769 vr,
928 3713 962 3774 p.
978 3680 1093 3759 etl-o.
1117 3703 1151 3761 et
1172 3702 1273 3761 auctor

184 3784 306 3850 Mirab.
338 3785 470 3853 Narrat.
504 3793 576 3868 ll7,
600 3798 731 3876 torques
758 3812 877 3856 aureus
901 3796 934 3856 in
957 3796 1082 3877 templo
1107 3795 1270 3862 Dianaein

183 3888 351 3957 Peucetiis
367 3890 448 3954 ibid.
476 3913 552 3975 cap.
570 3895 643 3956 120.
701 3894 803 3972 Quod
823 3914 900 3961 vero
923 3897 1027 3959 multo
1051 3899 1154 3962 etiam
1178 3897 1269 3980 mugit

182 3992 321 4068 mireris,
335 3994 369 4056 in
383 3993 497 4057 intimo
515 3996 614 4059 Sinus
628 3994 790 4060 Adriatici
812 4017 944 4062 recessu
966 4000 1049 4063 inter
1071 3999 1217 4065 Venetos
1234 3993 1266 4060 ad

183 4090 360 4160 Timavum
373 4095 477 4161 luisse
490 4095 625 4164 traditur
637 4098 748 4163 tanum
764 4099 956 4166 Diomedis:
987 4122 1022 4169 v.
1039 4101 1163 4168 Strabo
1172 4103 1225 4168 lib.
1238 4112 1263 4170 t,
