2664 4686
160 300 249 368 4978
580 324 780 379 excursus
797 316 854 379 ἰν.

162 474 302 538 constat.
346 469 451 533 Porro
473 470 660 548 tenendum,
677 470 876 556 Aborigines
894 472 966 554 bos,
981 491 1055 554 sen,
1070 476 1162 562 qnod
1176 476 1250 546 ride

159 575 282 652 bimus,
297 570 462 648 Ausones,
485 573 686 656 populorum
709 594 769 657 per
783 573 974 642 Americam
994 578 1141 644 ferorum
1154 587 1188 647 ct
1199 582 1250 666 syl
1295 562 1297 627 Ϊ

159 676 318 740 restrium
340 693 443 751 more,
468 673 626 756 dispersis
651 695 711 758 per
740 675 885 754 Italiam,
912 680 989 762 ipso
1009 678 1164 745 locorum
1185 684 1251 748 inter

159 794 275 839 amnes
303 795 343 839 ac
368 779 496 838 montes
521 775 586 840 situ
611 774 694 840 fines
717 782 861 857 regente,
880 779 1026 856 sedibus,
1046 786 1082 844 et
1101 782 1136 845 in
1158 784 1251 865 plnres

158 877 303 962 populos
326 896 366 941 ac
384 878 518 941 nomina
531 876 672 953 divisos,
693 878 871 943 habitasse.
915 879 1114 962 Religiones
1129 884 1250 951 adanae

159 979 241 1044 ritus
267 999 435 1044 sacrorum
458 983 490 1042 et
512 979 648 1042 numina
672 978 855 1044 domestica
875 981 957 1043 inter
974 985 1250 1066 totpopnlosnm

158 1083 291 1145 omnino
315 1082 430 1145 eadem
452 1081 553 1144 inisse
576 1081 693 1143 mirum
716 1100 780 1145 non
803 1088 863 1146 est.
908 1083 1013 1148 Fuere
1031 1090 1147 1150 tamen
1165 1087 1250 1151 etian

157 1182 330 1264 religiones
342 1201 382 1246 ac
393 1182 515 1246 fabulae
528 1182 679 1244 omnibus
690 1187 846 1264 tanquam
857 1202 879 1246 a
889 1186 1056 1249 communi
1070 1189 1176 1272 stirpe
1184 1186 1249 1252 orde

157 1301 360 1347 communes.
405 1281 589 1366 Uirumque
603 1301 706 1362 genus
719 1284 754 1346 in
767 1302 862 1348 suam
877 1303 946 1346 rem
961 1289 1127 1351 convertit
1146 1287 1248 1372 polita:

158 1389 259 1468 atque
272 1384 349 1450 hinc
363 1386 396 1448 in
411 1405 480 1469 seq.
496 1386 589 1448 libris
602 1381 791 1468 fabularum
816 1403 912 1448 novus
931 1385 1007 1448 ordo
1029 1391 1248 1470 exoritu13ex
1295 1446 1297 1451 .

157 1485 325 1549 variorum
339 1485 448 1551 Italiae
464 1484 673 1568 populorum,
689 1481 908 1567 Aboriginum
921 1488 1068 1552 maxime
1084 1489 1185 1568 latii,
1197 1491 1248 1556 nis

156 1586 251 1651 toriis
264 1592 298 1651 et
309 1587 523 1669 religionibus
545 1585 679 1669 petitus.
724 1584 776 1648 De
799 1591 938 1669 utraque
951 1607 987 1651 re
1001 1590 1202 1674 omninoque
1216 1589 1248 1654 de

154 1692 265 1769 vetere
288 1686 387 1751 Italia
415 1689 518 1769 paulo
546 1685 732 1749 accuratius
759 1704 844 1749 nunc
871 1686 1120 1769 dispiciendum
1141 1695 1249 1770 estut

155 1784 306 1871 pluribus
320 1787 454 1869 Virgilii
468 1788 552 1851 locis
567 1805 631 1849 una
645 1806 747 1868 opera
756 1787 816 1850 lux
829 1787 1028 1867 affimdatnr,
1040 1795 1154 1873 utque,
1166 1791 1250 1875 quale

154 1886 366 1953 historiamm
378 1893 524 1951 veterum
538 1905 639 1968 genus
653 1886 768 1968 poeta,
784 1908 915 1972 qnoque
930 1888 1063 1972 judicio
1085 1893 1251 1976 amplexus

90 2059 93 2064 ,
153 1988 211 2067 sit,
234 1995 405 2072 appareat.
451 1988 524 2052 Nec
538 2005 616 2052 vero
632 2006 694 2050 sex
709 1988 927 2071 posteriorum
951 1990 1110 2055 librorum
1125 1993 1253 2058 lectione

153 2082 313 2157 delectari
328 2097 439 2175 potest
452 2091 586 2175 aliquis,
603 2090 661 2172 qni
674 2091 796 2153 veteris
823 2090 929 2156 ltaliae
950 2097 1073 2155 stabim
1086 2112 1153 2157 non
1167 2095 1255 2158 imbi-

153 2190 249 2270 berit,
266 2195 443 2275 animoque
458 2211 520 2255 sno
540 2196 775 2273 representare
789 2191 854 2254 sibi
867 2192 971 2255 vitam
984 2191 1076 2256 illam
1092 2195 1256 2277 antiquam

154 2295 273 2374 possit.
326 2292 531 2357 Procliviore
556 2311 688 2374 qnoque
714 2290 823 2354 studio
849 2292 892 2355 ad
921 2291 1153 2357 declarandam
1179 2295 1257 2360 hanc

155 2390 266 2458 Italiae
281 2396 510 2476 antiquitatem
524 2393 620 2470 iercr,
636 2411 702 2475 quo
721 2393 818 2474 plura
832 2394 894 2456 viri
908 2393 1009 2470 docti,
1023 2393 1116 2459 nulla
1136 2396 1258 2460 subtili·

155 2498 223 2559 taba
240 2494 362 2578 judicii
381 2494 538 2580 (criticam
560 2493 739 2557 historicum
762 2492 982 2578 appellamus)
996 2494 1147 2560 adbibita
1164 2497 1258 2562 tradi·

154 2595 282 2673 derunt,
298 2615 431 2679 qnoque
446 2597 608 2678 pauciora
620 2595 681 2658 rite
695 2601 729 2659 et
743 2595 786 2659 ad
802 2595 1001 2678 scriptorum
1013 2597 1147 2679 aevique
1160 2598 1259 2681 prisci

153 2695 250 2760 iidem
266 2716 455 2779 moremque
470 2703 546 2761 sunt
559 2697 733 2778 explorata
747 2703 782 2761 et
795 2697 984 2761 constituta.

171 2842 174 2847 -
197 2795 288 2860 Intra
313 2794 520 2880 Aboriginum
545 2795 671 2879 stirpem
693 2797 826 2882 poetam
851 2797 944 2862 Latii*
965 2817 1018 2861 res
1041 2801 1210 2865 continere
1228 2804 1259 2865 cn

153 2896 320 2963 includere
331 2896 431 2961 modo
448 2897 606 2960 diximus.
651 2897 721 2976 Qui
744 2901 793 2963 illi
812 2899 943 2975 luerint,
957 2901 1099 2983 quaestio
1114 2907 1167 2967 est
1180 2904 1259 2968 inter

108 2966 283 3065 *reteres
306 3004 340 3063 et
353 3000 557 3075 recentiores
571 2997 673 3061 variis
697 2998 807 3062 modis
830 2999 967 3080 agitata.
1013 2999 1185 3066 Pcnemns
1206 3003 1257 3067 bic

153 3120 204 3178 ea,
220 3120 308 3184 quae,
324 3106 400 3182 post
421 3099 608 3180 diligentem
631 3099 665 3161 in
687 3100 740 3163 bis
762 3099 861 3162 rebus
885 3099 952 3163 alio
967 3099 1042 3164 loco
1060 3102 1257 3168 collocatam

153 3221 300 3284 operam,
315 3220 358 3263 cx
374 3201 492 3262 ceteris
507 3200 650 3263 maxime
672 3199 769 3262 nobis
791 3219 828 3262 se
852 3201 1041 3282 probarunt,
1065 3221 1176 3286 eaque
1188 3203 1257 3267 aliis

153 3303 334 3366 rationibus
348 3286 605 3380 illustrabimus3
629 3307 788 3384 qnantum
802 3299 935 3383 quidem
945 3300 989 3365 ad
999 3299 1139 3366 doctam
1151 3302 1256 3389 politae

152 3403 451 3484 interpretationem
466 3403 547 3464 satis
558 3421 632 3466 csse
648 3402 821 3466 videbitur.

196 3501 303 3565 Fuere
317 3500 505 3586 Aborigines
519 3523 563 3566 ex
579 3505 815 3588 antiquissimis
828 3504 950 3567 veteris
965 3502 1075 3566 Italiae
1095 3504 1256 3569 habitate·

151 3602 253 3678 ribus,
276 3603 334 3666 sed
358 3615 425 3686 post
445 3598 575 3665 Umbros
597 3611 631 3669 et
656 3604 785 3667 Siculos.
831 3603 918 3682 Quae
941 3605 1122 3667 decorum
1137 3605 1256 3688 origine

151 3705 253 3788 vulgo
266 3706 387 3770 tradita
400 3708 552 3789 legimus,
567 3727 610 3771 ex
623 3708 766 3771 nominis
781 3706 848 3770 fere
861 3707 975 3770 causis
989 3724 1110 3787 parum
1125 3705 1256 3771 feliciter

152 3810 257 3891 petitu
279 3816 364 3875 sunt.
412 3809 496 3872 Mihi
521 3830 601 3873 vero
614 3830 657 3873 ne
682 3809 716 3872 id
741 3809 874 3892 quidem
903 3806 1027 3891 liquere
1050 3805 1198 3883 ¹videtur,
1220 3823 1255 3869 an

151 3911 321 3994 antiquum
336 3931 448 3974 eorum
460 3930 579 3975 nomen
597 3911 676 3975 illud
698 3911 806 3974 inerit.
850 3909 883 3974 A
898 3908 1088 3983 senioribus,
1103 3908 1166 3990 qui
1180 3907 1255 3971 anti·

152 4024 236 4091 quas
249 4030 301 4076 res
315 4014 472 4076 memoria
486 4015 538 4077 vel
551 4014 730 4079 litterarum
755 4012 971 4076 monumentis
993 4013 1192 4092 repeterent,
1212 4008 1254 4072 in·

150 4114 283 4176 venbnn
295 4132 416 4179 nornen
429 4120 522 4200 puto,
536 4122 574 4182 nt
586 4117 712 4201 primos
727 4113 817 4178 Latii
838 4119 873 4179 et
890 4114 1038 4179 locorum
1050 4109 1148 4179 circa
1159 4107 1254 4175 'llbe-
