2664 4686
106 295 194 364 4330
529 304 736 361 nxounsus·
755 311 797 362 u.
867 308 870 321 ·

107 457 273 524 Adriatici
285 456 386 520 maris
407 475 466 540 per
489 455 657 520 Umbriam
679 453 866 521 declarasse
879 455 1042 522 videntur
1055 456 1200 523 interdum

108 560 317 642 antiquiores,
332 566 369 622 ut
392 560 426 621 in
445 560 524 637 illis,
543 580 619 642 quse
644 560 685 623 de
710 559 909 623 Umbrorum
923 558 1021 623 ‘luxu
1043 566 1202 624 nanantur

109 660 188 725 ibid.
208 678 242 724 v.
265 661 405 743 ocosq,
419 679 496 743 quae
511 662 567 724 alii
581 661 624 724 ad
640 660 799 725 Etruscos
812 661 962 725 rebrlere.
1009 659 1070 725 lta
1083 667 1205 743 vagatur

110 754 244 844 quoque
258 765 402 827 namatio
412 763 455 826 de
465 763 631 826 fertilitate
644 763 713 844 agri
728 763 810 825 inter
822 759 972 826 Umbros
982 768 1018 826 et
1030 760 1205 826 Adrianos:

111 862 153 926 dc
168 861 293 928 Mirab.
307 863 422 928 Audit
436 865 500 945 213
521 885 597 928 nam
619 865 722 928 multo
736 865 836 928 latius
850 864 930 927 olim
948 862 1077 928 Umbri
1091 864 1207 928 habita·

110 969 302 1050 mutusque
320 966 364 1031 ad
383 972 486 1036 terras
508 974 625 1050 postea
638 965 805 1031 Adrianus
818 966 939 1030 dictas.
987 962 1136 1028 Ausonio
1151 965 1209 1029 Aa·

113 1084 231 1131 sonum
246 1068 342 1131 sedes
355 1068 520 1133 declarare
532 1069 658 1147 debuit,
669 1089 745 1152 quae
759 1088 781 1132 a
794 1067 934 1132 Circeiis
949 1067 1032 1131 inde
1045 1071 1208 1152 pertotun

112 1169 213 1232 maris
226 1170 321 1233 inferi
335 1170 426 1234 littus
439 1172 566 1253 passim
581 1190 707 1254 sparsae
721 1170 862 1233 fuerunt.
905 1166 1039 1233 Eadem
1061 1174 1100 1233 et
1117 1168 1210 1241 ’Orci

113 1267 212 1346 dicta,
228 1273 305 1352 quia
319 1270 419 1354 Opici
441 1291 498 1335 seu
522 1271 605 1336 Osci
628 1292 672 1337 ex
695 1270 890 1336 Ausonibns
903 1270 1009 1348 iocre,
1023 1269 1211 1335 modooon-

111 1367 178 1459 iusi
201 1389 276 1435 cum
301 1373 355 1448 iis,
381 1373 479 1437 modo
501 1373 664 1436 distincti:
687 1392 718 1437 v.
740 1371 848 1436 Strab.
869 1389 905 1449 ν,
928 1390 965 1453 p.
980 1370 1051 1436 371
1073 1388 1113 1436 Α.
1136 1373 1213 1448 Ν

115 1465 253 1534 Aristot.
281 1472 323 1535 de
351 1473 438 1555 Rep.
470 1490 536 1551 vu,
561 1475 616 1549 10,
641 1492 675 1555 p.
699 1472 764 1537 581
787 1488 822 1536 A.
868 1468 1035 1555 Hesperia
1063 1469 1212 1536 orm

114 1589 233 1637 nomen
251 1580 301 1638 ert
322 1577 466 1639 omnium
488 1582 645 1639 terrarum
666 1576 709 1638 ab
735 1573 905 1638 occidente
926 1572 1082 1640 sitarum.
1126 1567 1212 1636 Iso

114 1673 212 1751 igitur
234 1676 324 1741 nulla
348 1679 489 1741 nominis
511 1678 655 1741 varietas
676 1686 797 1754 manet,
818 1695 918 1758 quam
946 1673 1040 1759 quod
1068 1671 1213 1738 wenta

115 1771 208 1837 dicta
221 1783 282 1840 est.
327 1777 464 1842 Vides'
450 1799 533 1862 Jam,
549 1785 750 1862 quantopere
764 1778 876 1862 poetae
889 1795 1001 1841 sermo
1015 1777 1063 1841 ab
1075 1774 1214 1842 historici

114 1873 294 1940 subtilitate
308 1877 484 1961 discrepet

46 2064 48 2068 Α
160 1974 292 2042 Nomen
310 1985 417 2044 autem
439 1990 527 2046 terro
552 1979 709 2044 Saturnio
727 1982 860 2066 proprie
880 1980 924 2043 ad
942 1912 1058 2044 locum
1079 1979 1216 2064 aliquem

107 2078 207 2144 circa
223 2079 379 2157 Tiberim,
393 2083 509 2147 saltem
533 2082 576 2148 ad
595 2084 718 2149 divum
739 2103 820 2148 mox
841 2080 1075 2164 Capitolinum
1097 2080 1215 2145 dicam

116 2181 279 2262 pertinuit,
295 2183 353 2264 qui
368 2185 411 2246 ab
427 2185 520 2249 initio
536 2181 701 2246 Saturnius
715 2185 901 2268 appellatus
914 2186 968 2246 em
980 2185 1031 2260 (v.
1042 2181 1185 2266 Dionys.
1196 2195 1217 2256 1,

116 2279 172 2344 34.
216 2282 323 2348 Varro
338 2284 377 2347 L.
394 2285 433 2349 L.
452 2303 502 2362 rv,
517 2287 540 2350 7
552 2305 561 2364 ;
583 2283 669 2349 adde
691 2283 803 2348 Aurei.
824 2283 916 2348 Vict.
933 2281 976 2347 Ο.
991 2280 1039 2346 G.
1055 2281 1103 2347 R.
1116 2281 1152 2359 3,
1165 2282 1217 2347 ubi

117 2400 150 2444 v.
178 2380 309 2447 Annam
328 2392 362 2448 et
386 2383 556 2469 Amnem).
600 2384 641 2448 ln
664 2404 704 2448 eo
724 2383 916 2448 consedisse
934 2382 1018 2447 dicti
1040 2387 1121 2449 sunt
1141 2382 1218 2449 socii

119 2481 277 2548 Herculis
291 2501 335 2548 ex
356 2487 467 2550 Iberia
483 2487 614 2551 reducis
626 2507 635 2564 ;
658 2486 707 2549 uti
720 2487 856 2551 altarum
868 2490 1016 2550 montem
1029 2483 1217 2550 Palatinum

117 2591 251 2648 tenuere
267 2585 411 2649 Evandri
425 2589 508 2651 socii
524 2594 558 2651 et
572 2588 710 2651 comites
723 2605 768 2650 ex
781 2583 948 2650 Arcadia:
972 2585 1019 2650 cs.
1036 2585 1192 2652 Macrob.
1206 2600 1217 2648 r

119 2683 188 2746 Sat.
202 2686 236 2759 7,
261 2704 296 2767 p.
320 2686 386 2749 239
408 2686 461 2749 ed.
483 2687 598 2769 Lips.;
620 2686 696 2750 inde
722 2687 833 2750 vicina
857 2687 947 2768 regio
972 2685 1152 2767 Sabimia3
1166 2685 1219 2749 ,ala

118 2785 277 2868 Σατουρνία
286 2784 360 2867 jam
373 2787 407 2849 in
420 2789 554 2851 oraculo
570 2788 723 2854 Dodonae
739 2788 892 2870 Pelasgis
909 2788 988 2853 dato
999 2793 1219 2854 memoratur:

119 2907 152 2950 v.
169 2886 310 2971 Dionys.
336 2904 361 2964 1,
383 2888 427 2953 34
447 2891 495 2971 (p.
511 2889 577 2966 27).
599 2890 643 2953 38
666 2894 715 2972 (p.
729 2887 807 2972 30):
831 2889 875 2953 cf.
898 2888 1026 2954 lustin.
1050 2891 1219 2968 xn111,›l;

120 2986 200 3053 add.
224 2988 309 3052 aiios
331 3009 387 3072 ap.
408 2987 548 3053 Cerdam
570 2990 613 3054 ad
632 3007 716 3067 v111,
732 2990 808 3055 353.
851 2987 996 3068 Quando
1019 2997 1133 3056 autem
1155 2996 1219 3057 toa

121 3090 221 3156 Italia
242 3110 283 3155 eo
305 3091 435 3156 nomino
458 3092 651 3170 declaratur,
676 3086 917 3174 ad⁴·'pottarum
938 3091 1003 3155 hoo
1026 3111 1152 3157 morem
1175 3110 1219 3156 re-

120 3193 288 3257 ferendum
307 3200 387 3271 crat,
407 3215 482 3273 non,
497 3201 534 3259 ut
556 3195 741 3278 Dionysius
758 3193 880 3275 aliique
899 3192 1039 3272 iaciunt,
1063 3194 1217 3258 historicis

121 3312 226 3358 rerum
253 3295 451 3375 argumentis
473 3295 770 3360 annumerandum.
807 3293 971 3375 Virgilius
1000 3297 1114 3380 itaquo
1140 3312 1216 3378 prce·

122 3395 210 3457 clare
226 3412 308 3471 viu,
323 3396 400 3461 357.
414 3397 480 3461 363
501 3398 542 3461 dc
565 3397 694 3461 duobus
718 3397 887 3460 montibus
901 3396 1065 3461 laniculo
1079 3402 1114 3461 et
1127 3393 1215 3478 Capi·

122 3495 246 3560 tolino:
272 3500 282 3528 ‘
298 3496 399 3561 Hanc
412 3496 519 3563 Janus
541 3505 645 3581 pater,
661 3499 745 3563 banc
767 3498 927 3562 Summus
942 3499 1094 3564 condidit
1106 3514 1211 3564 arcem·

121 3595 312 3660 ianiculum
326 3596 415 3678 huic,
430 3599 478 3664 illi
492 3600 599 3666 lucrat
615 3597 768 3664 Saturnia
781 3599 920 3665 nomen.’
