2664 4686
424 404 474 453 nn
498 402 669 455 meinos
693 407 764 456 ur.
782 408 832 455 ιι.
1090 392 1176 462 4181

72 531 208 626 dicitur,
230 548 414 614 eliciuntur.
472 562 553 614 root
578 552 653 614 anni
676 552 778 636 vulgo
800 552 862 616 hac
889 554 923 616 in
944 570 979 618 re
1003 555 1177 621 memorati
1245 564 1247 568 ‘

72 660 172 716 snut:
204 648 574 733 aedurminoaqooet
590 650 635 715 ad
655 672 753 736 quern
770 649 1183 736 illipertingerentparum'

68 758 204 818 nacto.
258 748 438 815 Auctorem
461 753 543 816 satis
566 752 751 836 diligentem
765 753 940 839 Appianas
961 762 1035 820 aute
1060 755 1175 821 oculos

71 854 229 931 htenat,
242 870 318 917 cum
332 848 543 926 maziriani*
559 854 658 927 αὐτοὺς
674 851 762 918 ἔτεσιν
775 857 830 918 ἀπὸ
844 861 893 918 τοῦ
909 862 1088 937 συνοικισμοῦ
1101 857 1174 919 ‘Por-

69 958 152 1038 μαῖα
168 952 306 1023 Σικελίαν
319 952 476 1034 ὀφείλοντι.
522 955 737 1022 Faetrmltoc
758 965 834 1024 aute
860 975 892 1024 c.
909 975 946 1023 Ν.
960 959 1036 1036 242,
1051 959 1174 1042 quibus

70 1058 102 1122 ri
112 1074 222 1123 annos
240 1058 307 1123 7⁰0
321 1054 501 1136 addideris,
513 1057 616 1123 habes
636 1078 741 1124 annos
754 1061 831 1138 ute,
851 1061 908 1144 qui
924 1059 1068 1144 aTrojae
1081 1058 1174 1124 exot-

70 1159 133 1225 dio
153 1161 222 1226 2⁴2
241 1161 340 1224 annis
365 1161 497 1238 absunt,
520 1159 670 1244 adeoque
693 1161 738 1226 ad
759 1163 902 1227 mediam
923 1161 990 1226 fere
1010 1159 1173 1244 epocham
1286 1232 1294 1245 ⁰

72 1258 397 1345 mmmmm
409 1268 595 1343 assurgunt.
648 1260 1173 1347 Atmoxaliipammdiligeuter

71 1364 256 1429 mitit)
268 1358 492 1428 adoxcidium
501 1360 710 1446 &mogun
725 1364 903 1443 deduxere,
912 1370 950 1430 ut
963 1365 998 1428 in
1016 1360 1171 1447 Epltoma

70 1461 384 1530 liviiellubatur:
415 1464 471 1529 eui
492 1462 707 1548 indiligentiae
727 1461 1208 1548 loeumfeoisseputmdums

68 1563 144 1645 hoc,
157 1562 250 1648 qued
275 1585 332 1648 prr
344 1567 410 1630 ⁷00
423 1586 521 1628 ιιιιιιοι
529 1564 676 1649 floruisse
694 1563 855 1653 Cartdugo
874 1566 974 1649 ruho
987 1564 1171 1641 imbuunt

67 1673 105 1731 ut
115 1666 153 1731 in
163 1666 248 1731 locis
261 1663 411 1750 Appiani
425 1667 564 1730 habetur
576 1664 661 1732 um
675 1687 710 1751 p.
722 1668 799 1747 666,
809 1668 853 1732 dd
872 1672 908 1733 et
923 1665 1002 1743 468,
1015 1665 1071 1732 65.
1115 1663 1170 1735 lu

66 1767 157 1831 euim
170 1768 291 1850 paucis
317 1766 390 1831 haec
412 1766 584 1850 expedias.
639 1767 796 1833 Pluribus
818 1768 919 1832 aliam
939 1769 1100 1833 rationem
1120 1767 1169 1832 ibi

65 1870 225 1952 exposuit
237 1869 343 1932 editor
355 1867 504 1947 doctiss,
527 1887 641 1933 verum
662 1888 714 1948 ea,
735 1888 811 1954 quae
837 1889 938 1954 super
959 1866 1169 1950 Carthaginis

65 1968 248 2051 originibus
261 1968 449 2047 dictasunt,
464 1971 633 2051 sigillatim
647 1971 680 2035 h.
695 1972 717 2036 l.
730 1979 874 2055 repetere
892 1971 945 2036 vel
962 1974 1131 2048 excutere,
1146 1988 1169 2034 a

66 2069 208 2134 consilio
222 2070 366 2134 alienum
379 2076 441 2134 est.
486 2070 564 2136 Vid.
583 2075 673 2138 viros
687 2073 803 2137 doctos
818 2073 968 2156 inprimis
983 2070 1106 2152 Scalig.
1122 2069 1167 2133 ad
1278 2130 1281 2139 .

64 2168 189 2234 Euseb.
211 2175 246 2235 et
266 2172 302 2234 in
327 2169 421 2255 App.
437 2173 480 2237 de
493 2172 632 2237 Emend.
647 2173 789 2256 Tempp.
805 2195 839 2257 p.
853 2173 909 2237 31.
931 2170 1070 2252 Joseph.
1094 2170 1118 2235 l.
1134 2189 1164 2234 c.

63 2269 185 2338 Vellei.
201 2290 226 2352 1,
236 2273 270 2351 6,
285 2275 318 2337 4.
361 2271 487 2345 Justin.
515 2287 629 2352 xvul,
649 2277 682 2339 4.
727 2273 868 2338 Salmas.
884 2272 927 2336 ad
942 2270 1048 2335 Solin.
1063 2290 1093 2336 e.
1108 2270 1165 2350 27,

61 2391 97 2455 p.
111 2374 191 2453 228,
205 2380 250 2451 et,
273 2374 303 2438 si
330 2373 373 2440 ad
393 2392 525 2438 manum
548 2381 610 2452 est,
625 2375 679 2437 vel
698 2372 827 2438 Notata
841 2370 883 2436 ad
898 2369 1073 2436 Guthrium
1087 2389 1166 2435 con-

62 2477 158 2544 sulas
170 2475 270 2540 Toni.
287 2492 343 2554 111,
365 2497 400 2560 p.
424 2474 490 2540 258
515 2494 579 2559 eq,
604 2475 658 2539 vel
682 2472 825 2538 Simson.
850 2488 887 2537 s.
912 2488 952 2537 u.
974 2471 1062 2536 ulae
1087 2492 1164 2539 cum

60 2575 262 2660 wesseling.
278 2575 374 2642 Nott.
411 2575 491 2641 Non
503 2578 590 2640 enim
603 2577 669 2640 uisi
684 2574 800 2639 eadem
811 2573 879 2638 sere
887 2578 1024 2641 recocta
1038 2575 1165 2656 passim

59 2678 192 2745 videas.
246 2677 402 2742 Estsane
422 2677 520 2742 tertia
540 2676 614 2742 lroee
637 2677 777 2761 epocha,
791 2675 893 2759 pullo
905 2672 1164 2743 maturiusforte

58 2784 93 2844 et
120 2779 180 2845 ille
207 2776 448 2855 constituenda,
473 2796 554 2843 vera
594 2777 738 2842 Didonis
773 2782 870 2855 aetas,
906 2770 1072 2859 siquidem
1106 2777 1163 2843 illa

59 2879 289 2964 Pygmalimis
308 2877 374 2942 fuit
391 2896 495 2955 soror,
512 2877 681 2961 Mutgonis
694 2898 753 2942 seu
768 2877 901 2941 Mettini
919 2876 999 2941 filia.
1044 2875 1164 2944 Fuisse

56 2987 169 3047 nmen
184 2999 392 3046 communem
405 2984 550 3067 ueterum
572 3000 722 3056 errorem,
745 2985 782 3044 ut
803 2978 847 3042 ad
869 2977 1034 3042 Didonem
1055 2979 1164 3061 prima

58 3081 269 3164 Cartlnginis
293 3082 434 3146 exordia
456 3082 621 3159 referrent,
636 3101 702 3145 uon
717 3079 818 3145 modo
840 3099 884 3142 ex
908 3079 964 3155 iis,
978 3078 1035 3161 qui
1049 3083 1163 3142 vetus·

56 3185 388 3269 tioresencripsere,
413 3181 568 3248 Cedreno
593 3205 627 3267 p.
653 3185 728 3259 140,
755 3187 789 3246 et
811 3180 868 3245 Jo.
888 3178 1022 3243 -Malela
1045 3199 1081 3261 p.
1105 3179 1161 3257 68,

56 3298 170 3353 rerum
185 3286 288 3350 ιιιίιιιιι
301 3305 347 3350 ex
360 3284 521 3373 Appiano
535 3286 653 3351 Punic.
669 3307 719 3369 pr.
734 3287 877 3360 constat,
896 3281 967 3366 qui,
981 3286 1162 3347 memorata

56 3386 122 3451 ista
135 3388 248 3470 prima
258 3387 352 3452 urbis
362 3389 491 3470 ‚origine
507 3405 530 3451 1.
546 3394 621 3452 ante
635 3389 668 3451 b.
683 3387 776 3472 Troj.
792 3384 898 3464 aunis,
910 3382 1025 3448 addit:
1060 3386 1159 3447 ‘oon-

58 3485 181 3563 ditores
192 3487 284 3551 fuere
299 3487 407 3567 Zorus
420 3493 453 3553 et
467 3488 662 3553 Carchedon
672 3510 681 3570 3
693 3574 694 3577 Ἴ
713 3495 751 3552 ut
769 3506 848 3552 vero
872 3484 1018 3550 Romani
1040 3490 1073 3551 et
1093 3485 1161 3569 ipsi

58 3585 340 3671 cmmpmews
361 3591 547 3673 opinantur,
571 3592 675 3669 Dido,
698 3591 814 3655 mulier
828 3585 951 3673 Tyria!
1005 3585 1047 3650 In
1070 3591 1160 3653 tanto

57 3683 166 3773 itaque
181 3689 380 3773 scriptorum
395 3693 594 3775 optimorum
608 3691 760 3756 dissensu
774 3695 933 3773 tantaque
947 3688 997 3752 rei
1011 3689 1159 3755 obscuri·
1288 3680 1293 3685 ’

58 3794 130 3869 tate,
145 3789 332 3873 etquidem
350 3812 417 3857 non
439 3793 475 3858 in
497 3795 616 3877 patriis
640 3795 803 3871 historiis,
817 3792 876 3857 sed
901 3791 1005 3856 exteri
1030 3790 1159 3875 populi,

61 3890 131 3972 quis
143 3890 211 3957 boc
226 3910 248 3955 a
261 3891 365 3976 poeta
374 3894 523 3977 ¹postulet
533 3896 587 3960 vel
597 3899 807 3979 expectetur
816 3899 1002 3978 temporum
1015 3892 1159 3956 rationes

63 3991 218 4070 ΜΕΝ,
235 4013 337 4076 quam
359 3994 429 4077 ipsi
450 3996 600 4062 historici
622 3995 769 4060 nonnulli
792 3995 949 4073 fecerunt,
973 3993 1159 4057 subducere

64 4092 237 4159 summati
271 4093 398 4161 Ultimo
412 4097 489 4163 loco
502 4106 536 4162 et
548 4098 630 4164 illud
644 4098 853 4177 monendum,
871 4099 944 4183 jam
957 4101 1032 4159 ante
1046 4091 1158 4174 Virgi-

66 4188 134 4259 lium
147 4213 277 4262 amores
291 4195 436 4265 Didonis
461 4190 506 4265 et'
516 4200 634 4269 AEneae
651 4199 754 4267 videri
778 4201 965 4266 celebratos
987 4196 1090 4261 fuisse
1112 4193 1154 4259 ab
