2664 4686
495 295 696 348 sxconsos
719 297 820 348 xvii.
871 285 875 295 '

387 650 764 729 EXCURSUS
814 651 929 745 XVI.

559 860 611 912 DE
627 860 755 911 numo

150 1056 175 1115 1,
196 1036 273 1104 473.
319 1034 416 1115 ‘Noc
441 1037 557 1121 procul
579 1037 655 1101 hinc
681 1034 788 1103 Rhesi
810 1037 915 1103 niveis
938 1034 1080 1101 lcntoria
1102 1027 1203 1120 volis!¹

74 1173 81 1179 ·
105 1137 257 1204 Novavit
269 1139 365 1222 pluro
384 1141 418 1203 in
444 1140 542 1204 rebus
559 1137 716 1221 Trojanis
732 1138 832 1204 Maro
859 1140 902 1203 ob
919 1137 1072 1201 Homero
1087 1134 1194 1209 alieno,

105 1245 139 1304 et
152 1261 276 1305 morem
290 1242 400 1306 colatis
423 1261 493 1305 suco
517 1241 683 1323 praetulit;
706 1239 860 1322 Trajicos
882 1258 924 1302 ea
948 1238 983 1302 in
1005 1256 1041 1300 re
1064 1241 1194 1310 secutus,

105 1341 164 1424 qui
177 1343 315 1424 equites
330 1343 440 1418 tubas,
455 1347 489 1405 ot
500 1342 568 1404 alia
582 1345 773 1418 memorant,
796 1360 871 1422 quae
885 1338 1021 1402 heroica
1035 1337 1108 1401 vito
1117 1337 1195 1419 igno

103 1444 200 1508 ravit.
246 1443 345 1507 Nunc
367 1441 501 1507 tentorio
522 1447 633 1507 narrat
649 1439 745 1525 nioeis
760 1437 855 1504 velis:
879 1441 914 1503 in
928 1439 1048 1522 quibus
1061 1457 1127 1502 non
1139 1444 1196 1500 tam

47 1596 50 1602 .
102 1545 185 1609 illud
199 1565 253 1610 mc
266 1550 387 1623 movet,
410 1546 499 1629 quod
514 1543 603 1609 niveo
619 1545 761 1617 tentorio
775 1544 865 1620 iecit,
884 1561 925 1606 eo
940 1542 1082 1618 scilicet,
1106 1545 1141 1603 ut
1153 1537 1197 1602 vel

102 1653 205 1711 noctu
224 1648 330 1712 nitore
352 1648 512 1730 fulgentia
524 1647 590 1712 lato
604 1652 716 1711 essent
732 1644 888 1710 Diomedi
902 1649 935 1708 et
951 1642 1070 1727 Ulyssi
1088 1661 1196 1726 specu·

102 1746 247 1811 lantibus
262 1749 466 1829 conspicua3
489 1747 549 1812 sed
563 1747 655 1830 quod
668 1739 824 1830 Trojaois
846 1746 1052 1829 temporibus
1067 1741 1198 1807 tentoria

101 1846 245 1910 nondum
281 1854 373 1912 erant
402 1846 510 1912 linteo.
556 1847 760 1912 Achivorum
790 1844 901 1910 κλισίαι
942 1846 1114 1929 stipitibus
1145 1843 1199 1924 lig·

101 1947 221 2029 nisque
249 1949 456 2028 constabant,
493 1948 616 2013 vimine
649 1950 823 2016 intertexto
858 1948 1026 2030 humoque
1060 1950 1198 2029 aggesta,

102 2044 521 2133 adeoquetuguriapotius.
548 2048 702 2113 V.Iliad.
713 2055 757 2126 Ω,
772 2050 838 2114 449
850 2069 924 2131 sqq.
940 2046 983 2111 cs.
1000 2045 1150 2110 Eusloth.
1161 2043 1200 2109 od

101 2140 352 2226 Iliad.'A,185.
398 2151 505 2224 Recto
530 2157 564 2215 et
585 2151 710 2215 Tzctza
731 2152 766 2215 in
788 2149 1061 2241 Anicholoericis,
1087 2168 1109 2212 a
1134 2147 1200 2210 viro

101 2248 297 2316 doctissimo
325 2250 453 2316 Jacobs
480 2269 567 2312 nunc
597 2252 709 2329 editis,
740 2251 880 2317 Achaei:
902 2236 1005 2326 τεῦξαιέ
1033 2249 1062 2310 δὲ
1092 2244 1200 2317 κλισίας

100 2355 238 2428 πλεκτὰς,
254 2350 416 2434 σταβᾶραις
426 2349 475 2434 (h.
491 2369 521 2411 e.
538 2343 685 2431 σταυροῖς)
699 2349 844 2430 ἀραρυίας·
890 2345 1115 2429 el'l'ryphiod.
1129 2347 1200 2412 139.

100 2454 154 2536 πῦρ
169 2448 234 2513 ἴδιον
248 2456 401 2535 πλικτῇσιν
417 2449 454 2512 ἐνὶ
476 2446 602 2532 κλισῖῃσι
629 2445 775 2526 βαλᾶντες·
800 2449 843 2512 ad
866 2467 964 2530 quem
983 2466 1118 2531 versilm
1139 2448 1202 2514 loci

100 2552 303 2616 nostrihoud
318 2552 440 2615 oblitus
466 2555 516 2613 est
541 2551 680 2615 doctiss.
709 2549 918 2614 Norlhmore.
962 2547 1113 2613 Thiaces
1128 2556 1216 2615 voro

100 2654 159 2717 illa
173 2657 272 2717 nocte
285 2672 328 2715 ne
343 2653 377 2714 in
392 2652 513 2715 talibus
527 2652 658 2734 quidem
674 2653 832 2730 tentoriis,
857 2652 927 2729 scd,
943 2656 980 2714 ut
992 2659 1101 2731 erant,
1116 2653 1201 2722 nuda

99 2753 452 2834 humo.rccubabanl;
475 2755 646 2832 πεὸοστιβεῑς
660 2761 698 2819 ut
712 2756 746 2819 in
771 2753 886 2819 Rheso
908 2754 974 2819 763
997 2773 1074 2837 sqq.
1099 2753 1200 2839 quidl

101 2855 191 2941 quod
219 2860 306 2920 lotus
328 2856 545 2940 Trojanorum
567 2858 732 2921 exercitus
754 2858 816 2921 sub
839 2856 896 2920 dio
917 2863 1049 2921 noctem
1071 2857 1203 2939 agebat,

101 2963 259 3042 quantum
286 2960 420 3041 quidem
448 2979 491 3022 ex
520 2955 703 3022 Homerica
731 2959 872 3023 lectione
900 2957 1047 3023 memini.
1093 2958 1204 3023 Etiam

101 3059 204 3124 Rhesi
218 3061 316 3144 Trag.
332 3069 449 3126 auctor
464 3067 590 3125 lantum
614 3063 690 3133 εὐνὰς
716 3060 883 3124 Thracum
904 3065 938 3124 et
959 3057 1060 3133 κοίτας
1081 3078 1204 3124 memo-

98 3168 160 3227 rat.
204 3161 253 3227 At
267 3163 389 3248 Dictys
404 3164 544 3228 tentoria
556 3165 714 3226 memorat
728 3182 763 3244 p.
778 3161 833 3237 60,
849 3160 872 3224 Ι.
888 3161 942 3224 45.

367 3549 741 3629 EXCURSUS
797 3488 932 3626 xvii.
1062 3654 1067 3664 Ι

540 3741 592 3790 DE
612 3739 759 3790 TROILO.

143 3914 168 3973 ι,
191 3892 376 3959 478-482.
420 3900 430 3927 ‘
447 3895 545 3958 Pario
560 3894 769 3976 olio'sugiens
785 3895 920 3958 amissis
942 3891 1075 3957 Troilus
1091 3896 1204 3973 armis,

99 3996 222 4060 Inlolix
236 4015 330 4079 puer,
344 4001 444 4079 atque
464 3996 568 4077 impar
591 4011 787 4076 congressus
809 3993 947 4071 Achilli,
968 3994 1087 4059 Fertur
1099 3997 1206 4079 equis,

98 4115 259 4180 curruque
281 4099 383 4164 haerot
405 4097 579 4181 resupinus
599 4098 699 4175 inani,
724 4096 815 4162 Lora
837 4104 949 4163 lonens
972 4103 1104 4161 tamen:
1126 4096 1205 4163 huic
