2692 4974
304 383 307 389 ,
443 328 495 379 nn
518 327 690 380 usurpes
720 328 793 380 usu.
817 329 868 378 vr.
1120 312 1207 383 ml

107 474 209 543 redire
225 475 388 559 opinetur,
405 472 486 558 quia
503 472 666 539 interdum
686 477 887 539 mortuorum
911 471 1041 559 species
1063 473 1128 541 sibi
1145 493 1207 560 per

107 594 257 642 somnum
273 577 424 662 objectas
442 575 579 642 viderat.
623 574 770 642 Possunt
788 577 888 641 etiam
907 581 1033 642 mentes
1046 576 1207 643 aranee

106 695 175 743 rum
198 685 257 744 aut
280 678 396 744 morbo
421 683 479 742 aut
506 697 612 743 errore
630 679 680 743 ita
701 678 743 743 de
766 684 852 744 statu
873 679 981 765 dejici,
994 685 1032 744 ut
1048 678 1159 744 videre
1172 685 1207 745 et

106 777 218 845 andire
231 801 285 859 ea,
300 782 380 865 quae
391 799 458 846 non
468 786 556 856 sunt,
571 780 637 843 sibi
651 780 841 863 videantur3
864 780 950 846 adeo
965 784 1041 845 ante
1054 782 1204 848 subtilio-

104 903 170 951 rem
196 883 378 948 doctrinam
401 881 442 946 de
463 882 646 946 animarum
669 881 914 948 immortalitate
939 881 1063 947 dudum
1086 882 1204 948 similis

104 985 216 1072 aliqua
225 985 398 1070 persuasio
407 971 573 1050 hominum
584 983 791 1050 indoctorum
805 987 931 1050 animos
941 988 1054 1052 tenuit.
1088 985 1204 1051 Facile

103 1087 214 1171 imque
237 1087 381 1150 existere
404 1085 525 1170 potuit,
550 1084 608 1168 qui
631 1085 713 1149 inter
734 1085 803 1150 alia
825 1085 1064 1152 divinationum
1085 1106 1205 1169 genera

103 1189 202 1252 etiam
215 1188 279 1253 boc
294 1193 447 1266 uteretur,
462 1193 499 1252 ut
512 1192 662 1253 mortuos
679 1188 863 1253 consuleret
875 1196 909 1254 et
923 1190 965 1253 ab
980 1190 1024 1252 iis
1045 1208 1204 1272 responsa

101 1287 182 1353 ferre
205 1289 387 1369 videretm3
409 1295 533 1367 conba,
558 1291 595 1354 in
614 1289 689 1368 hac,
711 1291 831 1357 animae
850 1296 972 1357 nostrae
986 1297 1105 1356 natura
1125 1311 1202 1375 quae

100 1390 155 1468 sit,
185 1390 402 1474 ignoratione,
431 1389 562 1455 difficile
591 1411 665 1455 esse
691 1391 813 1470 debuit,
838 1394 905 1457 ista
929 1392 1144 1475 persuasione
1168 1399 1203 1458 et

99 1486 215 1554 fraude
229 1491 373 1555 animum
387 1491 536 1557 liberare.
582 1489 733 1556 Obtinuit
754 1512 795 1557 ea
812 1492 885 1576 jam
899 1493 978 1557 olim
997 1493 1032 1556 in
1054 1491 1201 1572 Oriente,

99 1597 167 1658 ute
181 1593 287 1658 sacris
298 1593 434 1657 vatibus
449 1599 590 1672 constat,
603 1600 671 1658 turn
681 1595 717 1658 in
729 1593 874 1673 Graecia,
891 1594 1091 1673 Italia,¹aliis
1105 1597 1214 1662 locia'

99 1689 191 1759 Hinc
204 1692 378 1776 politam
392 1693 525 1776 ingenia
534 1697 704 1761 materiam
719 1701 916 1761 stornatum
928 1697 1111 1762 carminum
1124 1697 1202 1762 indo

99 1794 272 1880 petierunt
326 1794 400 1859 Nec
424 1795 563 1860 Homeri
586 1797 685 1863 modo
699 1797 856 1882 *mythice
880 1799 1013 1864 solertia
1034 1801 1071 1864 in
1090 1800 1143 1866 bis
1162 1820 1200 1866 se

99 1900 305 1976 exercuerat3
328 1897 399 1975 sed,
414 1893 539 1972 Νικυίας
547 1898 698 1977 condere,
707 1919 760 1964 res
774 1899 903 1965 videtur
915 1899 1019 1966 fuisse
1032 1902 1200 1969 veteribus

99 1997 208 2084 potitis
230 1997 380 2093 pluribus
392 1999 616 2084 frequentata3
639 2002 687 2067 uti
711 2003 809 2085 plura
832 2004 933 2068 etiam
954 2023 1016 2087 per
1029 2003 1198 2070 Graeciam

99 2096 186 2166 mae
200 2098 449 2179 Necremantia,
465 2102 649 2185 antiquiore
664 2108 751 2167 certe
764 2122 860 2183 aevo;
881 2122 959 2168 nam
973 2098 1073 2168 'talem
1086 2123 1200 2189 super·

99 2200 262 2266 moenem
287 2201 404 2266 melior
428 2202 513 2292 vitae
538 2202 667 2268 cultura
691 2203 803 2267 statim
831 2201 947 2268 tollere
975 2203 1097 2268 debuit.
1156 2204 1199 2268 In

99 2299 253 2386 Hinyode
273 2307 307 2367 et
331 2303 366 2367 in
388 2300 510 2377 Νόστοις
533 2322 585 2368 res
610 2303 734 2368 inieras
760 2301 908 2387 Orcique
936 2309 1074 2368 tenores
1095 2303 1198 2370 fuisse

99 2407 265 2482 buctntos,
284 2409 424 2471 testatrrr
431 2403 631 2470 Pausanias
645 2421 685 2483 x,
700 2405 754 2484 28,
771 2410 805 2469 et
817 2405 902 2469 inter
923 2404 1097 2470 Hesiodea
1109 2405 1197 2471 Tbe-

99 2506 141 2571 rei
163 2504 229 2570 fuit
250 2524 328 2569 cum
352 2504 502 2571 Pirithoo
526 2506 569 2570 ad
593 2505 719 2571 Inseros
746 2506 935 2585 descensus,
958 2507 1039 2571 ibid.
1063 2525 1119 2588 ιΧ,
1140 2509 1196 2590 31,

99 2605 179 2671 uias
193 2604 352 2670 Herculis
365 2606 402 2670 in
417 2606 603 2672 Heracliis:
628 2627 695 2691 quo
708 2607 845 2686 factum,
859 2613 896 2672 ut
908 2608 963 2673 bic
976 2609 1049 2693 ipse
1064 2610 1196 2676 Hercu·

99 2708 132 2773 is
145 2707 326 2783 descensus
339 2709 440 2773 variis
462 2707 572 2774 modis
594 2715 795 2775 narraretur:
818 2708 906 2774 conf.
920 2707 1079 2794 Apollod.
1102 2727 1145 2791 11,
1160 2713 1193 2790 5,

99 2807 133 2874 12
144 2815 182 2874 et
195 2807 305 2874 Notas
320 2828 396 2892 pag.
412 2808 479 2874 428
493 2829 566 2894 sqq.
611 2808 762 2874 Platonis
782 2809 824 2891 de
848 2809 961 2876 inferis
979 2812 1094 2896 mythi,
1109 2833 1195 2896 quos

99 2930 107 2975 e
128 2909 241 2975 teletis
263 2914 413 2991 repetunt
433 2909 592 2987 nonnulli,
616 2927 682 2973 non
703 2910 841 2975 aliunde
864 2910 949 2977 forte
971 2917 1064 2978 erant
1085 2914 1192 2997 petiti,

99 3028 191 3095 quarn
213 3029 259 3074 ex
286 3007 395 3092 poetis
425 3011 676 3093 antiquioribus.
740 3010 814 3075 Nec
841 3010 1060 3095 improbabile
1082 3019 1142 3092 est,
1172 3033 1194 3079 a
1283 2996 1289 3005 ’

99 3111 242 3194 lbagicis
265 3109 396 3175 Graecis
420 3109 647 3194 Romanisque
667 3110 852 3187 infabulis,
875 3131 951 3194 quae
973 3110 1017 3175 de
1043 3112 1193 3179 Hercule

99 3211 285 3295 lltesecque
299 3219 442 3295 agerent,
458 3213 588 3295 passim
611 3212 653 3276 de
676 3212 775 3276 rebus
799 3211 913 3276 inseris
927 3212 1073 3278 intextas
1086 3213 1192 3282 fuisse

99 3315 301 3390 sanationes,
316 3332 392 3377 curn
406 3313 604 3379 descensum
627 3313 670 3378 ad
694 3313 823 3379 Interes
847 3320 1058 3397 exponerent.
1102 3314 1192 3382 Itaa

99 3415 421 3495 reterumimitatorc,
437 3416 578 3493 Seneca,
593 3415 717 3482 sactum
730 3417 827 3481 vides
845 3418 881 3481 in
894 3417 1042 3485 Hercule
1053 3416 1190 3484 furente.

99 3516 191 3583 Plura
202 3517 278 3602 ejus
293 3519 419 3600 generis
442 3519 624 3582 occurrisse
638 3519 787 3583 videntur
805 3519 841 3583 in
861 3517 993 3584 Theseo
1007 3518 1190 3603 Euripidis,

99 3614 620 3704 teomparess0u01.Artstoph.
644 3620 689 3685 ad
717 3619 802 3686 Rau·
817 3621 884 3686 476
900 3627 935 3686 et
957 3621 1012 3699 al.,
1028 3641 1093 3705 qua
1114 3621 1191 3706 ipsa

99 3721 259 3787 rutabula
283 3721 410 3787 Bacchi
431 3722 474 3787 ad
493 3721 620 3787 [ulmos
635 3722 814 3788 descensus
833 3722 1017 3787 exhibetur.
1063 3722 1189 3789 Rerum

99 3821 260 3889 uferarurn
274 3822 425 3908 frequens
445 3842 579 3907 quoqne
600 3824 721 3888 mentio
740 3823 774 3887 in
795 3822 1042 3889 evocationibus
1057 3823 1188 3888 umbra·

99 3942 164 4017 um,
179 3927 230 3990 uti
245 3923 399 4003 Tiresiae,
414 3932 447 3990 et
467 3927 503 3989 in
525 3924 675 3990 Manium
698 3924 977 4010 apparitionibus,
991 3930 1029 3989 nt
1043 3925 1079 3988 in
1092 3922 1188 3988 Euri·
1209 3914 1213 3927 ⁸

99 4024 171 4092 udis
195 4026 359 4107 Hecuba;
390 4026 478 4091 unde
500 4027 603 4092 latine
624 4047 820 4093 conversum
840 4026 884 4092 ab
899 4026 1007 4092 Ennio
1021 4026 1063 4089 de
1076 4022 1186 4090 Ache·

99 4128 303 4198 essetecum
315 4128 464 4208 servavit
477 4127 595 4198 Cicero
608 4128 710 4196 Tuso.
727 4127 793 4209 Qu.
809 4145 836 4209 r,
851 4128 895 4195 16
908 4127 944 4193 iu
958 4124 1185 4211 Enmnagnt
