2664 4686
415 355 467 405 ru
489 352 662 406 sumnus
692 354 766 407 nro.
790 357 830 404 rr.
1025 330 1029 335 ’
1087 338 1175 407 11161

92 518 208 567 rorum
233 497 300 567 aiii
315 495 443 582 cyclos
459 498 537 565 illos
564 500 597 563 in
621 500 788 583 epitomen
808 498 1022 583 redegerunt3
1045 503 1175 585 quale·

92 600 229 667 munus
242 599 352 665 adhuc
365 598 563 684 Apollodori
578 601 843 679 Bibliothecom,¹
854 622 956 687 quam
981 602 1068 686 cycli
1088 605 1175 689 epici

92 700 393 786 mpendiumesse
412 701 485 784 jam
500 692 642 767 Salmas.
668 703 710 766 ad
735 702 838 769 Solin.
853 724 889 788 p.
904 705 970 770 874
984 704 1095 783 vidit3¹
1118 705 1176 770 alii

92 806 252 889 mutim
276 804 362 867 hono
386 804 441 866 vel
464 804 557 869 illam
580 804 776 887 particulam
797 825 841 869 ex
856 813 925 869 toto
939 807 1018 869 orbe
1032 820 1177 889 exposu-

92 909 174 981 μιαί.
220 902 277 969 Ita
301 903 522 987 Lysimachus
545 902 793 987 Alexandrinus
815 909 855 968 rei
879 908 1025 986 Θηβαῑκὰ,
1056 912 1089 971 et
1111 907 1177 981 τοὺς

92 1002 214 1083 hyems,
234 1004 277 1091 de
303 1004 423 1088 quibus
446 1004 504 1070 ins.
528 1005 669 1072 Excurs.
697 1023 731 1070 v.
778 1007 968 1092 Euphorion
982 1011 1177 1074 autemsuis

92 1106 282 1173 lriliadibus
294 1106 353 1191 (de
367 1107 491 1189 quibus¹
502 1125 538 1172 v,
553 1109 598 1172 ad
612 1106 684 1172 Eel.
702 1125 752 1186 vr,
766 1107 828 1193 72)
841 1111 913 1174 suis
926 1111 1010 1175 loeis
1023 1130 1076 1175 res
1093 1110 1178 1175 Tro-

92 1227 167 1285 rues
179 1210 380 1288 inseruerat;
402 1214 438 1273 nt
458 1209 500 1272 de
515 1208 684 1275 Laodice:
708 1227 744 1274 v.
760 1210 908 1276 Peusan.
923 1227 963 1288 X,
986 1212 1030 1277 26
1044 1216 1127 1277 extr.
1143 1218 1178 1277 et

92 1309 133 1389 pf.
150 1309 296 1375 Excutit.
311 1326 346 1374 V.
391 1309 550 1375 Similiter
578 1312 644 1375 alii.
659 1311 876 1377 Grammatici
899 1316 940 1376 rol
960 1312 1179 1399 τραγῳδούμενα

92 1411 207 1495 miptis
231 1413 455 1494 peculiaribus
476 1413 712 1495 explicuerant,
735 1416 857 1497 quibus
877 1417 1113 1498 tragoediarum
1127 1436 1179 1481 ar·

92 1516 230 1585 merto
241 1531 284 1577 ac
297 1512 428 1579 tabulas
440 1516 661 1597 exponebant,
683 1516 846 1580 interdum
867 1524 901 1581 et
914 1519 1179 1582 commentabar-

92 1633 146 1681 πε
167 1633 235 1698 quo
256 1634 302 1678 ex
325 1634 439 1697 genere
460 1617 585 1681 utinam
610 1623 818 1701 superessent
832 1619 948 1682 saltem
963 1617 1179 1702 Asclepiades

92 1722 139 1789 ir,
152 1713 391 1803 ryoyploopr'ror
414 1717 507 1783 libri!
544 1738 655 1783 verum
679 1720 722 1783 iis
744 1720 886 1803 aliisque
906 1720 1020 1783 multis
1035 1720 1180 1798 amissis,

92 1818 231 1891 mmrlla
245 1837 415 1900 superesse
427 1818 577 1883 videntur
602 1821 637 1882 irr
661 1819 790 1903 Hygini
813 1820 934 1884 tabulis
955 1840 999 1885 ex
1013 1821 1182 1886 veteribus

92 1919 247 2005 mgoediis
260 1925 438 2002 excerpta;
458 1938 535 1983 nam
559 1920 665 2004 major
689 1921 802 2003 operis
826 1940 905 2004 pars
923 1941 967 1985 ex
991 1922 1069 1985 orbe
1083 1921 1181 1986 Grre·

92 2040 191 2087 orum
204 2021 350 2104 mythico
373 2026 424 2083 est
449 2021 689 2096 consarcinata,
712 2027 749 2084 ut
762 2022 951 2104 inspicienti
964 2021 1063 2085 facile
1077 2042 1182 2106 appa·

92 2127 143 2202 rt3
163 2121 257 2187 iacto
278 2124 367 2187 enim
391 2142 413 2186 a
435 2123 635 2204 genealogiis
649 2122 796 2187 Deorum
820 2124 915 2186 initio
936 2142 997 2204 per
1018 2122 1183 2187 Cadmeas

92 2222 310 2299 chebanas
328 2222 458 2287 fabulas
480 2223 525 2286 ad
539 2219 776 2304 Argonautica,
800 2222 1001 2285 Heracleam
1014 2226 1047 2284 et
1060 2220 1184 2287 Troica

92 2344 118 2391 x
132 2344 233 2396 more
245 2325 417 2407 procedit*

116 2422 195 2503 Qui
216 2434 286 2508 pert
307 2421 377 2487 illos
396 2423 557 2508 scriptore
578 2424 695 2487 iterum
717 2429 846 2488 veteres
868 2423 1010 2507 mythos,
1033 2423 1184 2508 adeoque

92 2526 178 2605 tiam
191 2524 374 2608 'l'rojsrrum
388 2525 522 2601 bellum,
544 2525 642 2588 novis
656 2524 777 2588 libellis
787 2525 989 2607 repetebant,
1013 2545 1088 2589 cum
1103 2527 1185 2589 anti-
1254 2568 1257 2583 .

92 2628 261 2713 prissimos
274 2627 453 2709 scriptores
468 2627 573 2708 sequi,
595 2632 629 2689 et
654 2626 852 2707 tragicorum
874 2644 915 2689 ac
941 2625 1115 2708 lyricorum
1131 2648 1185 2692 ce·

92 2746 290 2809 suorumque
310 2726 484 2810 poetarum
505 2732 691 2791 commenta
715 2746 756 2791 ae
782 2727 875 2790 lusus
899 2728 1031 2791 solerter
1051 2730 1094 2792 ab
1118 2728 1186 2793 illis

92 2829 264 2895 hsoemere
288 2828 455 2905 deberent,
490 2827 594 2890 omnia
618 2830 701 2893 inter
724 2849 760 2891 se
783 2827 981 2905 miscuerunt,
1017 2836 1185 2912 totamque

92 2930 162 2997 rrleo
176 2936 327 2996 veterum
341 2930 524 3013 mythorum
538 2929 699 2993 rationem
714 2930 892 3006 turbarunt,
914 2936 951 2993 ut
966 2931 1001 2991 in
1019 2931 1186 3012 plerisque

92 3026 215 3101 llffiuile
228 3032 273 3094 sit
286 3031 486 3114 perspicere,
510 3030 592 3112 quid
614 3050 655 3094 ac
669 3036 825 3113 quantum
840 3032 958 3093 veteris
971 3029 1025 3093 vel
1039 3030 1187 3111 philoso-

92 3130 169 3216 ybioe
199 3133 256 3197 vel
278 3133 446 3213 religionis
469 3133 522 3196 vel
534 3133 680 3197 historiae
696 3131 749 3195 vel
762 3132 865 3213 prisci
879 3131 1041 3193 sermonis
1054 3132 1095 3194 iis
1109 3131 1187 3194 sub

92 3252 156 3299 esre
182 3232 383 3298 credendum
416 3234 470 3297 sit.
523 3231 627 3318 Cujus
653 3231 847 3314 corruptelae
870 3237 1021 3297 auctores
1044 3230 1188 3294 habendi

92 3336 235 3421 hrprimis
249 3335 351 3399 iidem
363 3340 438 3399 sunt
453 3334 681 3411 Grammatici,
705 3335 762 3416 qui
783 3334 1036 3397 commentarios
1050 3334 1084 3395 in
1098 3338 1188 3397 vete·

92 3454 137 3501 res
148 3435 272 3521 potitae
285 3437 498 3520 scripserunt.
543 3436 633 3499 Dum
648 3436 734 3498 enim
757 3435 803 3497 illi
818 3433 862 3497 ad
884 3432 1112 3497 illustrandam
1127 3434 1190 3498 ali·

92 3556 187 3619 quam
201 3539 359 3615 tabulam,
381 3538 505 3616 omnia,
527 3558 604 3620 queo
619 3556 758 3619 usquam
774 3536 931 3617 legerant,
953 3535 1045 3599 nullo
1060 3536 1189 3619 jndicio

95 3638 296 3721 collegerunt,
318 3644 351 3703 et
373 3658 417 3703 ex
439 3658 505 3702 uno
527 3639 604 3701 loco
628 3639 663 3700 in
688 3644 817 3701 centurn
836 3637 932 3713 alios,
953 3637 1054 3700 modo
1068 3636 1190 3700 additis

99 3740 256 3805 nonnullis
268 3740 370 3815 modo
386 3741 512 3818 recisis,
531 3740 775 3819 transtulerunt3
785 3739 937 3821 perditis
947 3757 1031 3803 nunc
1045 3737 1190 3820 antiquis

591 3970 706 4059 sors.

195 4167 278 4222 ¹vid.
298 4169 382 4223 Notas
401 4172 436 4223 ed
451 4171 574 4238 Apollbd.
596 4186 622 4237 p.
637 4175 687 4222 9811
702 4186 742 4237 sq.
834 4167 849 4211 .²
865 4164 928 4217 mr.
937 4164 1004 4215 ibid.
1017 4177 1042 4228 p.
1053 4166 1110 4213 11111.
