2692 4974
397 347 449 395 an
470 343 641 394 assinos
668 343 739 392 nra.
764 316 834 391 vu.
1077 327 1165 395 4271

65 489 233 572 regionem
247 487 510 573 designandam).
555 489 691 554 Faciem
711 490 864 554 littoralis
885 489 992 572 plagae
1010 496 1044 554 et
1064 489 1167 556 Tibe-

65 593 129 656 rini
151 593 230 656 ostii
253 591 412 657 describit
433 592 535 676 po‘eta
557 592 733 657 admodum
758 592 922 655 diversam
946 593 988 655 ab
1012 611 1063 669 ea,
1089 611 1165 675 quaa

65 701 178 759 nostro
206 713 283 759 aevo
309 696 521 778 conspicitur.
565 693 664 757 Nunc
692 712 789 756 arena
818 695 919 756 multa
945 694 1082 772 obtinet,
1111 698 1168 758 aut

66 815 146 878 ager
160 797 312 879 apricus3
335 798 433 880 idque
444 797 516 880 jam
532 795 650 862 Rutilii
663 801 809 879 tempore
830 799 876 858 ita
896 815 933 858 se
948 796 1072 872 babuit,
1088 794 1166 860 ltin.

69 913 96 975 r,
110 896 186 962 181.
231 902 242 931 ⁴
258 897 381 962 Laevus
395 899 577 962 inaccessis
592 898 715 961 fluvius
730 899 849 960 vitatur
866 897 986 972 arenis,
1011 896 1168 980 Hospitis

67 999 186 1063 AEneae
207 999 312 1081 gloria
326 1002 400 1063 sola
412 1007 522 1063 manet
532 999 551 1063 :’
573 1006 609 1064 at
630 999 754 1063 AEneas
776 999 963 1080 ‘ingentem
976 1018 1020 1061 ex
1035 1017 1168 1080 aequore

66 1100 179 1165 lacum
194 1100 384 1184 Prospicit;
407 1101 494 1164 hunc
515 1102 596 1164 inter
617 1101 719 1164 fluvio
739 1098 914 1163 Tiberinus
933 1119 1064 1163 amoeno
1078 1098 1168 1163 Vor-

67 1203 191 1267 ticibus
203 1202 331 1285 rapidis
346 1209 379 1266 et
391 1203 493 1266 multa
506 1202 613 1266 flavus
627 1220 724 1264 arena
739 1200 781 1263 In
793 1220 883 1264 mare
896 1198 1090 1283 prorumpit'
1105 1204 1169 1264 etc.

70 1301 161 1382 Quae
174 1309 284 1368 tamen
296 1323 431 1367 nemora
449 1323 515 1366 non
535 1304 598 1366 soli
618 1302 729 1385 po'etae
755 1303 885 1384 ingenio
907 1303 1020 1367 deberi
1035 1302 1169 1365 creden·

68 1404 150 1469 dum
163 1412 223 1469 est.
270 1403 359 1468 Nam
377 1405 520 1487 primum
537 1404 729 1467 incultarum
743 1408 908 1480 terrarum,
924 1410 1095 1485 antequam
1109 1403 1169 1466 ba·

67 1506 227 1571 bitatores
253 1512 360 1570 nactae
379 1508 456 1583 sint,
478 1506 667 1588 plerumque
685 1506 715 1568 is
738 1506 869 1570 habitus
891 1511 951 1582 est,
966 1511 1003 1575 ut
1025 1504 1170 1587 sylvosos

68 1613 103 1672 et
120 1607 296 1691 paludosae
311 1609 396 1688 sint3
419 1615 487 1670 tum
507 1609 574 1671 alia
591 1610 719 1691 passim
735 1593 882 1671 veterum
895 1606 1069 1689 poetarum
1083 1606 1170 1682 loca,

12 1776 19 1783 ,
68 1710 137 1774 nbi'
150 1710 193 1773 de
215 1709 337 1773 Romae
359 1709 542 1790 originibus
563 1710 704 1787 tradunt,
723 1715 892 1792 utramque
911 1707 1041 1771 'l'iberis
1063 1706 1171 1789 ripam

70 1811 245 1875 arboribus
259 1810 397 1874 densam
412 1811 578 1876 exhibent.
622 1811 771 1874 Tandem
793 1812 927 1874 meliore
947 1809 1048 1874 etiam
1062 1806 1171 1873 ltalia

70 1912 164 1976 cultu
184 1910 410 1977 Romanorum
434 1916 580 1995 tempore
599 1915 691 1978 littus
710 1915 773 1977 hoc
797 1912 948 1977 Ostiense
967 1909 1052 1974 lucis
1068 1909 1172 1972 abun·

71 2013 172 2078 dasse
186 2013 361 2078 lancisius
382 2015 493 2077 docuit
510 2019 545 2077 in
569 2015 661 2079 Diss.
685 2016 726 2078 de
747 2014 839 2080 Villa
864 2013 1018 2077 Pliniana
1031 2011 1065 2072 in
1079 2009 1171 2092 Opp.

71 2116 114 2180 P.
133 2132 175 2193 11,
198 2137 233 2199 p.
249 2116 325 2192 122,
349 2117 407 2179 ubi
431 2118 467 2179 in
490 2119 697 2199 aggestiones
719 2119 837 2184 littoris
861 2118 1026 2182 Ostiensis
1051 2117 1172 2196 sactus,

71 2218 200 2282 soloin
223 2238 313 2282 mare
343 2219 386 2282 ad
418 2236 461 2281 111
490 2220 642 2283 milliaria
670 2220 842 2304 producto,
865 2227 943 2302 post
970 2220 1052 2282 alios
1081 2221 1172 2284 viros

71 2319 190 2385 doctos
204 2321 351 2403 inquirit.

115 2420 223 2503 Igitur
241 2440 263 2484 a
281 2422 369 2485 laeva
383 2441 443 2485 seu
457 2422 607 2485 orientali
628 2421 758 2486 Tiberis
780 2423 887 2487 littore
909 2424 986 2501 late,
1001 2444 1046 2487 ex
1060 2423 1171 2507 poetm

71 2541 139 2586 non
163 2523 266 2586 modo
287 2529 406 2597 mente,
430 2522 489 2584 sed
514 2528 545 2585 et
571 2543 614 2585 ex
636 2542 714 2586 vera
741 2524 889 2588 locorum
916 2525 1036 2603 indole,
1067 2527 1174 2608 patuit

71 2625 181 2707 sylva,
211 2628 245 2686 et
272 2642 312 2686 ea
328 2623 468 2706 ¹quidem
490 2623 598 2689 adbuc
626 2623 799 2690 Commodi
822 2632 967 2711 tempore
993 2625 1089 2689 lauris
1112 2626 1174 2690 sre-

72 2743 191 2808 queas,
215 2730 251 2803 ut
273 2744 318 2787 ex
342 2725 537 2789 Herodiano
561 2727 749 2809 intelligitur
771 2728 830 2792 lib.
859 2746 884 2805 r,
904 2729 959 2794 36.
1003 2728 1176 2793 Tenebant

72 2825 146 2890 haec
156 2826 234 2890 loca
247 2823 432 2912 Aborigines
447 2848 516 2911 rege
532 2824 659 2905 Latino,
675 2831 741 2910 ipsi
759 2825 928 2893 Laurentes
940 2830 1036 2894 dicti:
1051 2831 1110 2895 lib.
1122 2848 1173 2909 vl,

72 2927 138 2992 892
171 2925 374 2992 ‘Lamentcs
397 2929 544 3011 populos
566 2925 745 3013 urbemque
769 2931 898 2995 Latini?
942 2931 1035 2995 Idem
1056 2952 1191 2999 nomena

72 3028 179 3106 urbis,
206 3025 378 3092 laurentes
405 3033 458 3094 vel
487 3027 691 3106 Laurentum,
718 3033 761 3094 ab
788 3033 930 3108 inventa,
953 3033 1033 3094 dum
1056 3033 1175 3096 conde-

74 3130 182 3206 batur,
197 3129 314 3208 lauro;
338 3137 373 3194 ut
392 3148 458 3207 vrr,
474 3132 603 3196 59-62
617 3137 779 3195 narratur:
801 3133 836 3194 id
851 3133 939 3214 quod
955 3131 1064 3215 poetae
1080 3134 1176 3197 relin-

73 3230 259 3313 quendam3
282 3238 456 3314 potuerunt
469 3233 556 3295 enim
576 3233 676 3297 etiam
697 3234 772 3298 aliae
790 3235 931 3297 nominis
947 3253 1021 3297 esse
1037 3253 1174 3298 causas:

74 3332 156 3397 forte
178 3334 253 3416 ipse
271 3334 437 3397 taurorum
459 3354 519 3418 per
539 3335 612 3398 haec
637 3336 715 3403 loca
733 3337 831 3400 laetus
854 3341 1042 3419 proventus.
1087 3335 1177 3419 Ager

74 3439 183 3498 antem
196 3453 301 3517 usque
316 3436 359 3498 ad
372 3455 461 3498 mare
483 3454 522 3498 ac
545 3435 692 3499 Tiberim
715 3443 832 3519 patens
858 3420 999 3500 Laurens
1016 3439 1069 3502 vel
1088 3431 1177 3500 Lau·

74 3535 211 3598 reatinus
225 3535 288 3599 fuit
302 3536 420 3599 dictus.
445 3535 579 3599 Nomen
594 3542 704 3601 tamen
718 3537 879 3602 interdum
895 3537 1003 3618 Maro,
1014 3547 1050 3605 ut
1064 3539 1175 3622 poeta,

74 3638 172 3702 latius
201 3637 247 3701 ad
270 3642 374 3700 totum
402 3637 536 3701 Latium
564 3639 728 3704 traduxit:
765 3646 804 3704 ut
831 3661 908 3704 cum
935 3642 1086 3719 lib.v11,
1112 3642 1178 3707 650
1219 3664 1224 3671 ·

78 3734 218 3802 Turnum
236 3734 424 3801 Laurentem
440 3740 597 3822 appellat,
613 3745 647 3803 et
662 3736 851 3803 Laurentem
869 3738 1027 3804 Maricam
1041 3744 1179 3821 lib.v1r,

75 3842 125 3906 tr.
170 3839 228 3904 Ex
244 3857 312 3921 quo
326 3840 458 3922 quidem
471 3842 546 3905 loco
560 3842 646 3904 male
661 3843 807 3906 nonnulli
823 3842 1000 3908 Laurentes
1014 3862 1119 3927 usque
1134 3844 1178 3907 ad

77 3940 174 4008 lirim
194 3941 366 4006 habitasse
387 3943 596 4024 collegerunt.
640 3942 714 4007 Nec
736 3944 816 4007 illud
839 3947 968 4010 turbare
991 3964 1178 4029 quenquam

77 4044 181 4125 (lebet,
206 4042 302 4127 quod
328 4048 362 4106 ct
387 4043 498 4108 Latini
525 4046 641 4109 urbem
670 4045 891 4112 ‘Laurentem
916 4047 1036 4112 arcem’
1063 4045 1178 4129 poeta,

77 4161 151 4228 rut,
166 4148 202 4225 l,
228 4148 289 4209 aut
310 4149 319 4181 ‘
336 4143 517 4210 Laurentes
530 4147 653 4212 muros'
670 4150 729 4214 lib.
747 4164 786 4228 x,
800 4150 877 4228 671,
902 4156 934 4213 ct
957 4150 1044 4213 idem
1065 4146 1178 4214 ‘Iau-
