2664 4686
543 350 793 404 tudunum.

117 497 304 563 AEneadum
317 497 411 562 suerit
425 501 528 576 vates,
543 496 752 563 Tetrasticha
766 494 884 559 dicent.

116 598 289 665 Contineat
303 619 380 684 quaa
395 600 534 683 quisque
544 598 639 677 liber,
652 599 726 681 lege
740 597 886 662 carmina
898 586 1022 661 nostra.

602 732 726 782 ratur.
899 734 902 738 ’

115 814 209 895 Quid
224 818 435 884 taciutlaetas
449 823 594 902 segetes:
614 837 692 900 quae
708 816 816 882 sidera
831 820 939 880 servet
1193 813 1216 878 d

114 914 282 998 Agricola,
297 924 334 983 ut
347 919 480 983 facilem
493 923 611 983 terram
624 919 814 1003 proscindat
829 917 955 994 aratris,

114 1016 250 1082 Semina
264 1040 331 1104 qno
341 1019 499 1103 jacienda
513 1021 623 1097 modo,
638 1019 811 1102 cultusque
825 1017 985 1094 locorum,

113 1115 159 1182 Et
172 1139 296 1184 messes
311 1121 421 1185 docuit
433 1139 555 1202 magno
570 1121 650 1185 olim
663 1119 792 1184 toenore
805 1116 909 1183 reddi.

578 1255 754 1304 saeuum.

112 1349 287 1423 ,Hactenus
303 1356 589 1439 arvonrmcnltus,
603 1365 637 1424 et
649 1340 759 1421 sidera
772 1355 862 1420 coeli.

113 1453 317 1540 Pampineas
332 1459 422 1523 canit
434 1458 509 1522 indo
524 1478 651 1537 comas,
666 1457 834 1541 collesque
848 1457 1002 1534 virentes,
1168 1452 1212 1518 10
1248 1444 1254 1455 ’

112 1552 379 1645 Descriptasque
393 1558 479 1624 locis
494 1560 592 1637 vites,
608 1566 642 1625 et
654 1559 742 1623 dona
756 1558 862 1643 Lyaei,

112 1653 226 1741 Atque
239 1659 323 1724 oleae
339 1679 449 1725 ramos
463 1679 639 1745 pomorum
654 1680 698 1725 ex
712 1661 825 1725 ordine
839 1659 954 1724 lectos.

596 1793 739 1841 Tlllt‘lll.

112 1889 241 1975 Teque,
257 1894 368 1973 Pales,
382 1901 416 1960 et
431 1901 463 1960 te
476 1899 591 1978 pastor
604 1895 815 1959 memorande
829 1914 890 1978 per
904 1894 1028 1972 orbem,

111 1990 157 2059 Et
168 2013 324 2077 pecorum
340 1997 458 2073 cultus,
473 2002 507 2060 et
521 1997 665 2077 gramine
679 1990 807 2080 pascua
819 1996 910 2075 laeta,
1192 2050 1195 2056 ,

111 2091 199 2172 Quis
212 2096 358 2160 habitent
374 2102 519 2161 armentu
527 2096 625 2175 locis,
639 2097 837 2161 stabulentur
851 2102 886 2161 et
900 2096 986 2180 ugni,
1170 2097 1214 2161 15
1270 2186 1271 2189 Ἴ

113 2193 236 2261 Omnia
250 2197 362 2261 divino
373 2198 570 2262 monstravit
584 2198 728 2263 carmine
742 2204 846 2263 vates.

585 2331 743 2391 quanm.

112 2432 271 2498 Protinus
287 2434 367 2499 actii
381 2436 490 2509 mellis
503 2435 684 2501 redolentia
696 2453 809 2518 regna,

112 2533 280 2619 Hyblaeas
294 2542 327 2600 et
341 2556 434 2618 apes,
451 2537 600 2601 alvorum
615 2554 711 2600 cerea
724 2540 821 2600 tecta.

112 2633 246 2719 Quique
260 2637 381 2720 apibus
395 2638 502 2717 tiores,
517 2638 672 2702 examina
684 2656 826 2723 quaeque
840 2635 990 2720 legenda,

111 2736 898 2823 Iudicat,humanusquefavos‚coelesuadona.
1171 2741 1214 2806 20

530 2922 636 2988 vm.
658 2922 795 3008 (xlv.)

112 3031 287 3100 Duodecim
311 3028 751 3205 scholasticorunphpo'e'gorum
779 3050 961 3128 argumento
984 3039 1018 3105 ia
1041 3032 1214 3104 AErreidcm.

583 3138 626 3203 aa.
662 3142 782 3226 plac.

543 3294 647 3343 Llllltl
670 3295 790 3343 l’lllltll.

517 3390 756 3459 VOMANUS
781 3394 811 3460 Ι.

110 3491 231 3557 AEolus
246 3491 392 3556 immittit
408 3499 534 3572 ventos,
548 3493 572 3559 J
574 3514 679 3560 unone
694 3503 859 3580 precante,

109 3592 340 3676 ll'rojanosque
354 3614 459 3675 vagos
474 3595 620 3680 Libycas
634 3598 775 3681 expellit
789 3600 823 3663 in
836 3617 925 3677 oras,

110 3692 243 3757 Solatur
256 3692 420 3758 Venerem
436 3694 534 3761 dictis
548 3701 643 3781 pater
657 3698 731 3780 ipse
743 3698 921 3766 dolentem.
1045 3697 1047 3701 ’

110 3794 253 3858 AEneam
267 3797 384 3879 recipit
397 3796 533 3879 pulchra
547 3796 741 3880 Carthagine
757 3798 866 3880 Dido;

109 3893 175 3960 Cui
188 3894 305 3960 Venus
320 3895 458 3962 Ascanii
473 3898 534 3962 sub
548 3899 691 3982 imagine
704 3901 803 3966 mittit
821 3899 986 3969 Amorem.
1192 3907 1215 3969 5

609 4051 708 4104 nom

143 4146 239 4192 mat
259 4142 320 4193 vid.
337 4142 428 4195 Bnrm.
446 4144 497 4196 Ge.
512 4159 533 4196 r.
550 4162 577 4212 p.
587 4152 643 4200 lto.
681 4150 795 4210 Bottur„
806 4149 852 4200 red
864 4149 989 4215 commu.

109 4218 246 4273 Extsbam
271 4219 352 4273 iidem
374 4221 402 4273 in
420 4222 486 4275 cod·
504 4222 582 4277 llum.
600 4239 645 4290 sp.
716 4230 749 4279 lt
763 4224 784 4281 t.
800 4226 1211 4292 emmeramum.
