2692 4974
389 326 442 378 sn
463 316 638 378 assinos
660 316 734 378 nis
756 331 824 383 vn.
1071 303 1160 387 Μ

75 485 177 554 qum
200 470 345 552 vestigia
367 482 409 534 eo
433 469 640 534 adduxerant
662 471 796 548 multos,
818 476 856 536 ut
879 471 1002 549 omnia,
1026 493 1103 555 quas
1120 462 1158 538 ¹in

75 570 247 654 utiquitate
272 571 381 636 Italiae
407 572 552 636 obscura
577 578 611 634 et
632 591 751 655 parum
775 572 950 655 explorata
969 579 1091 650 essent,
1114 573 1160 639 nd

75 669 194 739 uncos
209 672 338 749 referre,
353 692 398 736 ex
413 671 548 736 Graecis
562 673 721 748 moribus,
747 674 916 750 institutis,
939 679 972 736 et
997 675 1161 756 opinioni·

75 774 306 850 nsillustrare,
322 780 419 849 etea,
441 793 519 856 quae
544 793 566 834 a
591 772 723 838 Graecis
738 773 973 858 discreparent,
990 775 1033 838 ad
1046 794 1159 840 eorum

75 874 157 939 arba
169 881 203 938 et
216 894 269 937 res
284 873 538 938 accommodare.
552 873 727 939 studerent.
772 874 833 938 Est
842 893 884 938 ea
897 875 1000 938 studii
1013 875 1161 942 historici

75 980 134 1041 aar
160 994 275 1039 omnes
303 976 448 1057 populos
477 975 630 1053 infantia,
655 983 692 1040 ut
717 996 851 1040 suarum
879 996 987 1039 rerum
1016 978 1160 1058 origines

75 1079 154 1161 psas
168 1082 202 1140 et
215 1094 321 1139 nexas
335 1094 410 1139 esse
432 1077 537 1139 velint
559 1094 602 1138 ex
623 1076 741 1139 illustri
763 1078 876 1159 aliquo
901 1078 953 1139 sui
977 1097 1035 1139 seu
1057 1077 1160 1161 prisci

75 1177 210 1260 superis
222 1176 366 1257 populo.
420 1175 570 1259 Majores
590 1179 690 1241 nostri
712 1196 826 1256 regum
850 1178 971 1260 stirpes
985 1178 1028 1241 ad
1042 1178 1160 1262 Troja-

75 1294 116 1349 οι
129 1277 184 1341 rel
198 1274 341 1341 Graecos
355 1277 546 1356 referebant.
600 1278 758 1343 Similiter
773 1277 917 1343 Romani
933 1281 1079 1342 omnium
1093 1280 1161 1344 lere

75 1377 247 1445 lanearum
263 1379 390 1440 urbium
405 1380 538 1442 nomina
550 1385 583 1442 et
597 1380 741 1461 origines
765 1398 788 1442 a
812 1378 944 1444 Graecis
958 1382 1160 1463 repetebant,

75 1477 319 1559 undoquidem
347 1478 497 1540 colonias
521 1478 662 1542 Graecas
689 1481 725 1542 in
752 1481 864 1542 multis
894 1480 1001 1544 Italioe
1031 1482 1160 1563 passim

75 1579 136 1653 uis
152 1575 345 1642 consedisse
359 1585 568 1659 acceperant.

94 1677 214 1762 Hujus
238 1679 365 1760 generis
380 1678 589 1761 mythologiis
609 1677 699 1760 pleni
713 1686 789 1745 sunt
804 1679 1036 1758 Grammatici,
1059 1681 1160 1766 inpri-

75 1778 184 1864 risque
200 1777 417 1843 Macrobius:
449 1779 622 1860 inquibus
637 1786 766 1863 tempus
782 1801 975 1846 consumere
989 1783 1160 1864 sigillatim
1207 1800 1211 1806 ’

75 1879 265 1967 :ponendis
278 1880 381 1943 nolim
395 1898 605 1962 quenquam
637 1883 720 1945 satis
734 1889 785 1947 est
799 1903 868 1946 rem
890 1885 1024 1948 omnino
1039 1868 1159 1951 tenere.

75 1982 134 2061 ad,
149 1981 240 2066 quod
255 1982 388 2062 gravius
402 1985 463 2059 est,
477 1982 604 2064 antiqui
615 1981 672 2046 isti
686 1984 878 2066 scriptores,
887 2004 972 2066 quos
986 1984 1035 2048 illi
1050 1983 1160 2067 adbuc

75 2088 199 2165 itsgros
228 2082 404 2144 versabant
427 2082 581 2145 manibus
609 2086 642 2144 et
667 2084 912 2161 exscribebant,
940 2083 1060 2163 iidem
1087 2082 1160 2165 opi·

75 2185 209 2253 ionibus
226 2189 319 2246 eraut
343 2183 472 2246 imbuti.
516 2180 572 2246 Ex
597 2201 668 2265 qua
691 2189 786 2247 secta
809 2180 889 2245 Coto
915 2184 1065 2267 inprimis
1085 2182 1160 2259 fuit,

75 2286 116 2369 ni
128 2304 206 2351 sero
225 2284 403 2348 litterarum
425 2283 623 2349 Graecarum
648 2283 758 2348 studio
783 2284 826 2348 ad
850 2302 989 2366 pravam
1013 2302 1088 2346 eam
1108 2301 1161 2348 ra·

75 2404 181 2455 onem
209 2384 370 2450 deductus
394 2403 470 2448 esse
492 2384 631 2449 videtur.
689 2383 807 2448 Eidem
831 2384 981 2468 adjungit
1006 2382 1047 2448 P.
1074 2380 1161 2447 Sem·

75 2486 200 2557 sossium
224 2483 410 2551 Asellionem
451 2486 635 2570 Dionysius
663 2503 689 2563 1,
719 2506 750 2550 c.
778 2486 832 2552 ll.
902 2482 1072 2560 Caecilium,
1101 2486 1161 2568 qui

75 2588 215 2656 bacam
228 2589 320 2651 urbis
340 2587 462 2653 Romae
487 2589 645 2670 originem
669 2586 829 2665 ediderat,
855 2586 977 2652 Strabo
1002 2589 1162 2659 memoret

75 2690 114 2757 lt.
130 2706 167 2769 ν,
190 2711 225 2773 p.
244 2690 310 2754 352
333 2707 375 2769 ος
409 2692 468 2773 qui
483 2695 590 2754 tamen
605 2690 690 2754 forts
704 2695 756 2753 est
777 2686 915 2766 Cincius,
931 2687 1029 2772 cujus
1042 2702 1161 2753 nomen

75 2790 149 2878 pud
163 2789 364 2874 Dionysium
385 2811 517 2876 quoque
542 2792 601 2856 lib.
627 2810 653 2870 1,
675 2794 730 2870 74,
745 2812 781 2875 p.
796 2792 841 2857 59
856 2790 968 2856 Huds.
994 2787 1113 2862 Kainoi
1127 2788 1161 2852 in

75 2889 141 2965 bd.
154 2890 269 2959 Vatis.
294 2892 452 2975 scriptum
466 2911 540 2955 esse
553 2890 663 2964 video,
686 2893 741 2952 vel
768 2889 807 2953 C.
825 2889 960 2964 Acilius,
985 2891 1080 2972 cujus
1102 2906 1162 2953 an·

75 2990 151 3061 ntes
172 3010 283 3074 graece
302 2991 419 3070 scripti
440 3007 462 3051 a
483 2986 625 3055 Claudio
649 2989 761 3070 aliquo
787 2989 938 3053 conversi
958 2989 1160 3071 legebantur.

75 3086 140 3177 h,
152 3093 213 3177 qui
226 3110 334 3172 groece
346 3110 398 3154 res
408 3091 532 3172 patrias
544 3089 824 3172 conscripserunt,
836 3087 1009 3152 Romanos
1020 3089 1161 3153 Groecas

75 3212 191 3281 poque
204 3191 427 3259 sabulurssse
442 3191 627 3274 amplexos,
652 3207 749 3252 nemo
762 3190 952 3268 mirabitur3
986 3197 1022 3252 ut
1039 3184 1080 3256 Q·
1096 3185 1161 3253 Fa-

75 3292 143 3367 bi
155 3296 192 3360 in
206 3292 392 3358 Annalibus
406 3298 439 3356 et
458 3289 494 3354 L.
513 3289 656 3353 Cincium
680 3292 713 3353 in
736 3288 920 3355 Annalibus
933 3290 1067 3356 Graecis
1088 3289 1160 3376 (aps

75 3396 200 3483 hys.
213 3396 273 3460 lib.
289 3411 316 3473 1,
330 3415 361 3459 c.
372 3392 422 3477 6),
450 3391 494 3456 A.
517 3389 680 3468 Albinum,
703 3391 759 3476 qui
787 3387 896 3454 Groece
918 3390 1043 3475 scripsit
1068 3389 1161 3456 listo-

75 3497 148 3583 issr,
165 3496 241 3562 Cic.
257 3497 349 3561 Brut.
362 3497 417 3570 21,
442 3501 476 3560 et
492 3492 551 3558 Cn.
570 3490 746 3576 Aufidium,
769 3493 873 3559 Tusc.
891 3511 925 3571 ν,
939 3493 994 3558 38.
1047 3492 1163 3559 Enim.

75 3618 133 3667 uo
144 3597 288 3663 necdum
303 3597 405 3660 alium
420 3615 609 3679 quenquam
623 3599 815 3680 scriptorem
828 3602 982 3671 veterem,
1003 3586 1162 3677 quantuni

75 3700 191 3783 mem
212 3719 257 3762 ex
277 3698 467 3779 fragmentis
481 3696 618 3777 intelligi
634 3701 744 3778 potest
757 3694 933 3780 (inspiciet
946 3694 1068 3777 aliquis
1081 3714 1114 3761 v.
1127 3712 1160 3761 c.

75 3802 173 3869 bmm
188 3801 233 3866 de
249 3798 340 3881 Orig.
356 3798 400 3861 G.
416 3794 489 3879 R.),
504 3798 621 3878 reperi,
637 3797 696 3877 qui
710 3814 777 3859 non
791 3793 930 3867 Graecas
944 3795 1075 3867 fabulas
1088 3813 1161 3861 sec·

75 3910 189 3972 nourr.
236 3901 347 3965 Varro
373 3918 507 3983 quoque
530 3897 638 3962 eidem
663 3898 773 3961 studio
794 3898 932 3961 nimium
956 3896 1100 3974 indulsit,
1123 3900 1162 3961 nt

75 4005 165 4073 dex
180 4024 250 4070 uno
263 4001 341 4067 loco
354 4001 396 4064 da
411 3998 456 4064 R.
473 3998 518 4065 R.
533 4016 590 4078 ιιι,
606 3999 639 4076 l,
654 3999 677 4062 6
690 3999 772 4063 satis
785 3997 922 4080 intelligi
941 4001 1061 4081 potest
1103 3993 1160 4068 In·

75 4105 171 4177 riuis
195 4109 313 4173 autem
342 4102 376 4168 in
404 4101 534 4173 urbium
557 4099 750 4167 italicarum
776 4099 959 4185 originibus
982 4117 1002 4162 a
1026 4094 1162 4169 Grecis
