2664 4686
106 303 197 372 4838
523 308 723 361 excussus
750 309 804 360 rr.

109 462 243 530 fabulas
264 457 348 522 Met.
372 471 460 532 xrrr,
484 457 549 520 681
569 462 602 519 et
623 458 657 531 in
679 455 805 519 foribus
825 454 927 536 regim
949 453 1047 518 Solis
1071 453 1127 517 lin.
1140 452 1199 528 ut

112 584 187 647 sqq.
199 557 352 622 Ovidius.
397 555 440 619 ln
454 557 547 639 palla
560 556 756 620 Harmoniae
771 556 885 618 orbem
895 560 1061 618 terrarum
1074 573 1135 618 acu
1146 554 1199 634 pic·

111 670 181 728 tum
204 660 339 723 exhibet
353 657 494 722 Nounus
516 659 657 741 Dionys.
673 674 756 733 xer,
775 676 812 739 p.
826 656 925 732 1070,
941 662 979 719 et
1000 656 1056 719 sic
1070 656 1127 718 alii
1140 654 1199 717 m

112 760 209 827 Cani.
236 760 377 822 Excurs.
403 776 440 821 rv
455 759 501 822 ad
522 759 580 822 lib.
604 775 639 835 v,
662 758 721 821 ubi
743 756 822 820 add.
844 764 974 820 vestem
997 755 1158 839 Sybaritae
1175 753 1200 816 ir

111 860 252 926 Aristot.
297 857 419 922 Mirab.
446 856 562 922 Audit.
578 878 608 922 c.
631 858 676 922 99
697 863 732 921 et
756 858 803 921 ihi
827 862 896 920 net.
942 856 1029 921 Nou
1052 875 1095 920 en
1114 856 1145 919 in
1162 854 1200 917 iis

111 962 261 1038 materia,
282 979 347 1023 non
360 960 390 1022 is
405 961 466 1023 arti
481 958 676 1023 exercendae
690 956 798 1034 locus,
814 963 851 1021 ut
862 975 1021 1039 magnam
1045 975 1147 1020 ruunt
1158 972 1200 1016 ra·

114 1064 263 1126 rietatem
278 1078 474 1141 expressam
486 1062 567 1122 satis
580 1065 669 1122 recte
681 1063 913 1122 commemoret
921 1058 1062 1141 aliquis.

155 1162 309 1231 Acumen
322 1165 432 1222 autem
446 1158 579 1241 Virgilii
592 1161 626 1222 in
640 1179 746 1224 rerum
760 1157 886 1223 dilectu
899 1165 934 1222 et
947 1176 1118 1222 summum
1129 1173 1200 1220 urna

113 1271 183 1330 tum
197 1280 406 1344 cognoscere
428 1261 486 1342 qui
501 1260 603 1334 volet,
629 1278 696 1323 non
710 1259 811 1324 modo
837 1258 1062 1323 Homericum
1087 1257 1201 1323 ilinnet

115 1363 325 1430 Hesiodeum
351 1362 505 1446 clypeum
521 1365 691 1442 comparet
705 1379 844 1424 necesse
859 1365 922 1434 est,
936 1378 1060 1423 verum
1069 1377 1129 1423 ecs
1140 1374 1202 1440 que

115 1483 193 1549 que,
208 1464 265 1547 qui
289 1462 333 1526 ad
357 1464 428 1547 ejus
451 1461 643 1544 exemplum
668 1461 759 1525 idem
788 1467 1022 1542 argumentum
1047 1466 1202 1525 remonte

114 1565 308 1631 voluerunt:
331 1563 449 1627 Silium
463 1563 524 1628 lib.
541 1578 582 1640 rr,
596 1562 662 1628 395
676 1581 727 1645 sq.
739 1560 901 1639 Quintum
915 1559 993 1625 Cal.
1010 1578 1033 1621 v
1059 1581 1111 1645 pr.
1130 1557 1203 1624 Non·

114 1685 193 1729 num
206 1667 264 1731 lib.
281 1682 377 1742 xxx,
393 1685 429 1747 p.
443 1664 519 1728 664.

160 1766 329 1848 Proerepta
344 1772 434 1830 erant
448 1765 602 1845 Virgilio,
615 1763 700 1828 utin
716 1769 766 1829 tot
777 1764 867 1841 aliis,
880 1783 934 1841 ea,
948 1783 1029 1847 quoe
1045 1765 1081 1829 iu
1092 1780 1206 1847 quaqua

114 1887 161 1944 re,
176 1868 211 1930 in
223 1887 355 1949 quoque
369 1866 611 1947 phantasmate,
632 1867 757 1948 primns
776 1866 897 1948 ingenii
911 1866 1073 1948 impetus,
1083 1867 1156 1949 ipsa
1165 1882 1208 1928 ns·

116 1973 199 2033 turae
213 1968 277 2043 vis,
298 1971 407 2049 primo
429 1967 506 2030 loco
526 1964 643 2029 offerre
665 1966 751 2030 solet
773 1967 895 2031 animo.
941 1965 1035 2030 Haec
1059 1969 1209 2050 occupare

47 2064 50 2068 ’
115 2066 256 2133 liberum
270 2072 340 2131 erat
351 2066 510 2143 Homero,
526 2070 684 2148 tanquam
698 2068 733 2130 in
746 2085 890 2131 vacuam
901 2067 1154 2148 possessionem
1167 2083 1209 2129 rc-

117 2169 238 2235 nienti:
261 2167 410 2251 adeoque
421 2160 496 2231 oum
511 2186 625 2231 omues
636 2173 714 2249 post
728 2187 764 2230 se
774 2167 920 2231 vicanos
932 2165 1058 2248 poetas
1072 2183 1211 2252 superare

117 2272 153 2332 in
174 2271 285 2333 multis
299 2290 436 2334 necesse
462 2275 541 2346 erat,
557 2270 607 2333 sic
622 2272 658 2332 ut
682 2270 757 2349 ipse
779 2287 949 2350 nunquam
971 2269 1018 2332 ah
1041 2270 1128 2352 ipsis
1142 2268 1211 2332 rinei

118 2376 244 2452 posset.
290 2370 372 2434 Cum
388 2378 497 2434 tamen
512 2376 688 2453 exponeret
702 2370 814 2432 omnia
824 2387 902 2432 cum
912 2368 1133 2450 simplicitate
1141 2387 1212 2433 snu-

117 2486 185 2547 ma,
200 2470 333 2552 rquuit
345 2472 408 2533 hoc
424 2473 500 2552 ipso
515 2472 651 2552 ingeniis
665 2471 741 2533 aliis
759 2469 891 2534 laudem
907 2469 1029 2532 saltem
1043 2488 1088 2533 ex
1104 2487 1213 2542 cerna,

117 2587 194 2649 quae
210 2576 453 2650 pertractasset,
469 2572 684 2635 exornatione
698 2577 731 2634 et
749 2570 964 2653 expolitione.

163 2666 347 2731 Homericus
363 2667 484 2754 clypeus
499 2671 587 2734 haud
613 2671 713 2736 dubie
726 2674 802 2755 plus
820 2671 967 2736 habenae
981 2673 1145 2751 varinas,
1157 2689 1215 2738 mt-

113 2769 286 2853 jeremque
300 2770 444 2834 iaciebat
469 2773 589 2854 operis,
616 2780 684 2837 tarn
708 2774 829 2838 affabre
855 2772 947 2848 sacti,
974 2781 1013 2838 nt
1028 2774 1098 2840 Dei
1111 2791 1216 2840 manna

118 2870 302 2948 haberetur,
316 2873 536 2950 mirationem,
549 2874 638 2956 quod
652 2874 787 2939 advitae
801 2875 922 2956 priseae
932 2894 1074 2953 morem,
1083 2894 1215 2949 meum,

118 2971 316 3054 opinionem,
331 2992 432 3057 quam
446 2978 548 3038 totum
562 2974 636 3056 ejus
650 2993 736 3057 opus
751 2976 867 3058 spirat,
881 2973 955 3038 haec
976 2984 1073 3043 erant
1085 2983 1215 3042 nmrnta

119 3071 368 3153 Phantasmata,
392 3095 468 3158 quae
489 3076 658 3139 oculorum
676 3076 841 3158 animique
855 3077 969 3139 sensui
995 3078 1126 3162 objicit,
1147 3075 1216 3164 na'p

74 3182 77 3187 ’
118 3200 200 3258 petua
214 3177 336 3241 habent
349 3179 549 3257 maximam
573 3184 651 3241 sunt
664 3177 811 3260 grandia,
826 3177 977 3261 pulchra,
993 3181 1124 3245 suavia
1158 3180 1216 3245 Ita·

119 3297 182 3359 que
197 3278 357 3343 Miltonus
372 3280 406 3340 in
422 3279 534 3342 divino
547 3279 624 3344 loeo
639 3279 679 3343 de
694 3278 816 3342 Adami
825 3280 900 3342 viso
915 3280 1060 3344 excelle
1076 3280 1215 3346 Paradisi

117 3376 174 3439 lib.
192 3395 247 3453 xr,
263 3379 328 3441 639
351 3378 532 3442 Homerum
548 3382 582 3442 in
596 3382 719 3457 multis,
736 3400 836 3463 quam
850 3387 999 3445 nostrum
1014 3376 1215 3465 poetamexss

117 3477 257 3561 primere
277 3480 400 3543 maluit.
445 3480 487 3543 In
514 3477 649 3566 Virgilio
674 3489 790 3547 contra
805 3488 976 3564 captatam
1001 3487 1214 3558 messionem,

118 3577 314 3642 imitationis
350 3580 505 3658 studium,
543 3584 689 3663 argutias
726 3582 893 3646 varietatis
926 3601 1095 3664 agnoscas
1118 3583 1214 3651 facite.

119 3677 209 3745 Dum
232 3687 341 3744 autem
363 3683 440 3745 artis
454 3689 487 3745 et
512 3685 631 3765 ingenii
656 3685 920 3767 expectationem
942 3685 997 3749 his
1020 3688 1108 3771 ipsis
1133 3687 1214 3761 facit,

118 3783 247 3848 excutit
260 3783 314 3845 ille
330 3785 448 3855 uniaris
466 3786 587 3850 nostris
602 3787 749 3868 antiquae
764 3787 900 3851 heroum
912 3787 1008 3865 vitoe,
1024 3789 1058 3852 in
1073 3809 1144 3873 qua
1154 3807 1214 3852 rer·

119 3885 187 3948 sari
202 3883 344 3949 debebat
358 3888 515 3963 narratio,
531 3907 656 3951 morem
682 3889 907 3972 speciemque,
923 3911 999 3973 quaa
1015 3898 1087 3956 tam
1107 3894 1214 3978 J'ucuu·

118 3985 197 4060 dum
219 4005 361 4050 errorem
381 3987 415 4050 in
440 3988 591 4053 Homero
617 3989 744 4071 objicit,
758 3996 796 4053 ut
818 4010 872 4068 ea,
893 4013 969 4076 quae
992 3993 1149 4059 fabulose
1160 3999 1214 4056 tre·

118 4085 196 4162 dita,
216 4094 332 4169 prater
355 4090 402 4154 rei
415 4097 564 4156 hamram
578 4091 615 4156 in
636 4091 713 4174 ipso
728 4092 847 4177 clypeo
872 4100 1018 4174 narrata,
1041 4096 1213 4180 oemunt
