2664 4686
118 297 208 366 4290
534 317 736 373 nxcunsns
756 321 811 374 rr.

120 463 321 547 etprivatim
341 463 385 527 ad
404 461 537 528 Annam
557 467 1086 554 Perennamsacrihcatnmitnr3
1116 483 1212 542 utar·

120 584 199 628 nare
221 583 464 647 perennareqne
489 568 662 630 commode
685 569 808 634 liceut’
871 569 1000 650 Ardea,
1027 574 1213 643 numum

119 668 210 742 urbs,
223 684 343 728 nomen
355 666 484 729 habens
505 686 582 730 curn
603 686 667 733 ava
691 669 792 734 ardea
804 691 990 752 commune,
1005 675 1158 742 tabulam
1167 680 1213 742 ah

117 766 395 849 snrdnmpeperit
409 770 800 836 urisexnrhisincensae
814 774 981 838 cineribus
994 782 1131 843 enatre:
1160 778 1212 844 rid.

117 866 318 932 ovid.h1et.
340 869 518 944 x1V,'574.
533 869 610 933 680.
661 868 800 935 Virbius
820 872 917 938 heros
937 876 976 938 in
998 876 1212 964 Hippolytum

115 969 264 1034 deflexus
277 969 375 1052 quasi
388 969 440 1032 bis
453 970 548 1032 viret
561 970 641 1034 vitae
653 970 942 1051 monitorium,
958 977 1029 1042 497
1043 999 1124 1063 sqq.

146 1072 280 1136 'Fuisse
289 1074 361 1156 jam
377 1072 462 1135 inter
472 1069 615 1135 Graecos
626 1073 801 1153 scriptores
814 1073 974 1138 Dioclem
988 1075 1213 1160 Peparethinn

116 1181 151 1241 et
170 1175 265 1252 alios,
288 1175 345 1257 qui
369 1172 564 1237 Italicarum
589 1173 721 1235 urbium
746 1175 891 1255 origines
916 1176 1007 1240 hunc
1029 1180 1069 1241 in
1094 1180 1213 1245 modun

115 1279 413 1360 interpretarentur,
428 1273 548 1337 docent
558 1272 713 1354 exempla
734 1274 827 1355 apud
842 1275 985 1359 Dionys.
1000 1276 1064 1341 lib.
1080 1296 1108 1357 1,
1121 1281 1164 1345 st
1174 1302 1214 1364 sq.

115 1378 160 1442 49
173 1397 249 1462 sqq.
270 1376 315 1441 72
328 1395 403 1459 sqq.
460 1374 502 1437 In
530 1373 702 1436 Parallelis
727 1373 909 1438 Plutarcho
930 1376 1067 1463 tributis
1089 1399 1214 1462 magnos

116 1498 229 1543 eornm
255 1496 410 1542 numerus
433 1475 597 1552 landatur,
626 1476 685 1558 qui
712 1473 835 1538 Italica
859 1477 1034 1560 scripsere,
1060 1477 1213 1549 Aristides

116 1579 281 1658 Milesius,
303 1578 507 1655 Theotimus,
529 1574 750 1653 Alexarchus,
774 1576 988 1661 Cleonymus,
1004 1577 1214 1664 'lheoptnun

115 1681 314 1759 Dorotheus,
342 1681 536 1757 Aristocles,
567 1677 753 1761 Meryllius,
781 1677 1001 1762 Chrysippus
1032 1679 1214 1764 Agesilaus,

112 1778 338 1858 Aristobulns,
351 1779 540 1845 Alexander
555 1778 765 1861 Polyhistor3
796 1800 873 1844 curn
897 1782 950 1844 his
973 1781 1120 1847 Xenion
1134 1785 1213 1868 apud

114 1879 429 1952 Macrob.1Sat.9.
486 1877 585 1944 Adde
603 1880 656 1942 his
680 1901 749 1959 eos,
773 1882 831 1964 qni
852 1881 1059 1965 Tyrrhenica
1083 1887 1216 1970 scripse·

12 2061 14 2064 v
112 1988 198 2062 rant,
213 1982 440 2048 utSostrahrs.
499 1980 623 2047 Omnes
641 1981 705 2046 hos
723 1983 864 2049 Graecus
877 1984 1008 2048 sabulos
1033 1986 1071 2049 in
1093 1987 1216 2052 Italian

112 2086 319 2150 transtulisse
340 2089 488 2168 apparet,
502 2102 562 2147 seu
576 2083 733 2164 opinione
746 2083 834 2147 salsa
854 2085 1029 2165 deceptos,
1040 2105 1102 2150 seu
1118 2106 1214 2171 pravo

114 2187 225 2251 studio
241 2186 368 2251 ductos.
412 2185 556 2248 Omnino
581 2185 685 2249 serius
709 2183 754 2247 ad
780 2183 924 2250 Graecos
950 2185 1149 2252 Italicarum
1169 2208 1213 2254 re»

113 2306 185 2349 rum
209 2287 325 2349 notitia
350 2289 452 2367 paulo
480 2286 675 2347 luculentior
701 2287 861 2363 pervenit
917 2285 1010 2349 Nam
1036 2290 1138 2353 etiam
1161 2290 1213 2355 illo

112 2392 272 2470 tempore,
295 2404 363 2467 qno
387 2384 500 2448 Graeci
521 2383 664 2445 navibus
692 2381 803 2446 Italiae
829 2383 939 2448 littora
963 2384 1214 2470 frequentabant

113 2493 172 2551 ant
194 2485 328 2551 Graecia
342 2483 467 2565 Magna
488 2482 678 2546 ciritatibus
698 2481 830 2546 Graecis
853 2486 1048 2566 potentibus
1069 2488 1213 2567 florebat,

111 2588 280 2651 interiores
292 2593 400 2648 tamen
415 2592 516 2647 terras
531 2586 630 2665 pauci
649 2583 770 2647 adiisse
783 2585 947 2648 videntur.
993 2586 1117 2671 Itaque
1130 2591 1214 2674 frag·

111 2694 232 2760 menta,
248 2702 325 2765 qnae
339 2701 383 2745 ex
395 2684 515 2763 priscis
524 2682 655 2746 Graecis
668 2685 881 2766 scriptoribus
893 2706 985 2750 nora
996 2707 1097 2771 super
1108 2690 1212 2756 Romo

111 2791 147 2849 et
160 2789 267 2847 vetere
282 2781 380 2845 ltalia
393 2782 486 2846 affert
506 2783 621 2864 primis
635 2784 777 2848 inlibris
797 2785 991 2869 Dionysius,
1006 2791 1129 2856 miram
1142 2811 1210 2875 pro

110 2886 187 2950 dere
214 2884 366 2949 videntur
391 2883 558 2947 inscitiam
584 2882 755 2968 doctisque
786 2886 975 2952 hominihus
1002 2909 1139 2973 prorsus
1167 2893 1210 2957 in

111 2988 257 3070 dignam.

155 3090 302 3154 Fabulae
318 3093 427 3152 autem
442 3104 541 3169 super
553 3085 682 3151 Italicis
697 3087 794 3151 rebus
809 3089 1013 3171 procudendi
1025 3091 1208 3160 uenam

111 3201 144 3257 et
156 3193 324 3255 materiam
339 3188 471 3253 Graecis
488 3188 626 3270 ingeniis
651 3190 794 3271 praebuit
816 3190 968 3272 inprimis
992 3196 1104 3275 primo
1128 3195 1209 3261 1101.

110 3294 196 3359 culis
219 3291 380 3374 profectio
406 3308 482 3352 cnm
508 3287 671 3372 Geryonis
698 3292 854 3353 armentis
881 3310 941 3373 per
963 3290 1102 3359 Italiam
1123 3297 1209 3371 laets

108 3392 215 3476 (cons.
238 3388 395 3474 Apollod.
420 3404 462 3464 11,
485 3391 517 3465 5,
544 3387 615 3471 10),
639 3389 916 3454 tum-Homerica
938 3397 1086 3461 narratio
1104 3399 1207 3463 moltis

108 3493 266 3574 mirisque
293 3489 414 3552 fabulis
442 3488 483 3551 de
512 3491 611 3552 maris
635 3495 858 3572 terrarumque
886 3491 972 3556 facie
1000 3499 1145 3579 variata,
1170 3499 1207 3562 de

111 3592 246 3677 Ulyssis
258 3592 424 3656 erroribus
438 3596 472 3654 et
486 3590 528 3653 ad
545 3591 653 3656 Italiae
666 3593 778 3657 littora
791 3611 943 3658 accessu.
989 3595 1045 3675 lle
1067 3598 1207 3666 Hercule

110 3694 242 3781 quidem
253 3693 384 3758 fabulas
406 3693 604 3770 innumeras,
618 3712 774 3775 magnum
790 3695 939 3776 inprimis
952 3697 1089 3763 urbium
1102 3719 1207 3766 nume·

108 3817 183 3863 rum
197 3795 304 3862 ltaliae
319 3796 363 3860 ab
377 3815 418 3859 eo
431 3794 486 3859 vel
499 3795 542 3858 ab
555 3796 627 3879 ejus
648 3795 727 3858 filiis
749 3795 968 3874 conditarum,
983 3806 1206 3877 narraverunt,

109 3897 243 3985 Ulyssis
256 3902 366 3961 antem
380 3897 534 3979 progenie
552 3903 609 3961 eut
631 3897 795 3960 sociorum
816 3897 974 3979 stirpibus
988 3917 1124 3966 omnem
1136 3922 1207 3987 pas·

108 4002 171 4066 sim
186 4000 317 4065 Italiam
330 3997 584 4082 frequentarunt.
639 3995 713 4080 Ipsi
726 3997 811 4062 adeo
827 3998 981 4065 Ausones
995 4001 1042 4066 ab
1055 4000 1203 4079 Ausone,

110 4122 169 4167 sou
191 4102 305 4170 Circes
328 4099 397 4167 filio
422 4120 466 4166 ex
489 4098 613 4185 Ulysse
638 4118 697 4165 seu
723 4097 903 4185 Calypsus,
918 4106 1027 4169 ortum
1052 4103 1206 4171 habuisse
