2664 4686
414 360 466 408 An
488 358 661 410 alternos
685 359 759 408 nra.
784 362 834 410 vr.
1086 349 1172 416 4213

74 501 162 571 marin
174 504 241 570 hoc
264 504 306 569 da
320 503 462 589 Sibylla,
476 510 513 568 ut
530 505 669 587 reliqua,
689 524 732 568 ex
746 506 866 589 priscis
886 505 1008 571 fabulis
1030 514 1172 573 sumtum

74 625 155 684 moe,
170 607 275 672 multo
287 607 396 689 magis
418 605 564 672 declarat
586 609 731 679 narratio
756 605 846 691 apud
863 609 1004 693 Dionys.
1030 627 1056 688 1,
1071 613 1115 676 55
1128 611 1171 676 de

74 710 200 797 Sibylla
215 707 365 793 Erythris
379 708 423 770 ab
448 708 556 772 AEnea
580 717 754 786 conventa,
767 715 801 773 et
823 709 960 792 Sibyllae
978 712 1172 776 vaticinium

74 812 114 879 ml
128 813 275 878 AEneam
289 830 311 875 a
325 809 432 894 Troja
454 811 632 876 solventem
644 812 733 895 apud
754 811 877 876 Tibull.
893 827 935 888 11,
949 813 982 891 5,
1003 813 1056 878 19.
1073 812 1171 880 Con'l.
1221 837 1224 843 ’

74 912 225 998 Dlaquis.
242 931 283 992 ιι,
299 933 325 977 s.
338 927 404 976 vrr.

111 1013 214 1094 Quod
228 1014 330 1079 modo
344 1015 386 1079 de
404 1012 565 1097 Prochyta
593 1019 709 1078 eontra
723 1012 889 1078 Misenum
900 1015 1009 1082 insula
1022 1037 1066 1081 ex
1089 1017 1171 1085 Vic-

74 1120 140 1182 tore
164 1118 429 1195 memoravimus,
453 1118 555 1181 etiam
578 1136 599 1180 a
622 1116 787 1200 Dionysio
810 1109 925 1181 Halia.
942 1135 967 1194 ι,
983 1118 1027 1183 53
1046 1120 1080 1182 ia
1105 1139 1172 1184 mo-

74 1214 164 1281 llum
176 1217 340 1301 prolatum
355 1223 418 1282 eat.
464 1215 519 1280 ‘A
535 1216 688 1294 Miseno,’
703 1218 818 1300 inquit,
842 1217 1003 1283 ‘ulterius
1016 1220 1172 1304 navigan-

74 1323 120 1385 aa
133 1317 178 1382 ad
191 1319 335 1383 insulam
354 1316 546 1404 Prochytam
560 1324 594 1382 et
614 1318 658 1382 ad
672 1320 941 1402 promontorium'
962 1320 1066 1405 (recte
1080 1323 1168 1387 enim

74 1421 244 1487 mendata
258 1426 337 1484 armi
355 1410 480 1486 Graeca
504 1440 527 1484 a
550 1420 765 1499 Casanbono)
788 1417 953 1484 ‘Caietam
973 1423 1172 1507 appulerunt

74 1520 177 1606 ioque
199 1521 285 1585 locis
308 1521 408 1584 simili
421 1516 523 1587 modo
545 1542 586 1587 ac
612 1522 836 1604 superioribus
849 1525 983 1586 nomina
1001 1525 1171 1607 imposue-

74 1621 155 1700 arnt,
183 1622 274 1706 quod
296 1621 467 1686 mulierum
498 1622 726 1686 defunctarum
752 1622 877 1687 servari
908 1641 968 1706 per
989 1642 1031 1686 ea
1051 1622 1173 1690 vellent

74 1725 277 1789 memoriain.
319 1722 451 1787 Harum
472 1742 552 1788 vero
576 1724 713 1788 alteram
735 1724 853 1788 AEnaae
876 1730 1051 1806 cognatam
1065 1724 1169 1793 fuisso

74 1823 184 1903 ieram,
200 1825 336 1890 alteram
349 1826 521 1889 nutricem.
567 1821 613 1888 Et
626 1821 817 1910 Prochytam
841 1824 882 1888 de
897 1832 1040 1906 cognata
1052 1827 1170 1895 AEnaae

74 1944 188 1992 nomen
209 1928 381 2011 accepisse
402 1926 494 1989 etiam
511 1925 656 1991 Naevius
669 1928 705 1990 in
718 1928 826 2012 primo
847 1927 926 1991 belli
940 1927 1062 1993 Punici
1077 1929 1171 1994 dixe·

74 2025 149 2093 rett’
171 2027 265 2093 Serv]
281 2029 326 2092 ad
348 2044 406 2104 ιιι,
420 2028 497 2093 715.
542 2026 576 2091 Α
597 2026 708 2092 Plinio
731 2027 929 2111 Prochytam
951 2032 1036 2092 ‘non
1051 2030 1096 2092 ab
1110 2029 1171 2093 AE·

74 2134 138 2196 l'eae
151 2130 293 2208 natrice,
308 2129 367 2193 aad
383 2131 464 2213 qnia
486 2129 623 2213 profusa
645 2131 688 2193 ab
703 2130 842 2193 AEnaria
858 2128 950 2205 erat,'
970 2129 1096 2194 dictam
1110 2130 1172 2196 lib.

74 2244 128 2309 ιιι,
142 2229 185 2295 13
206 2237 294 2295 recte
307 2231 431 2295 moneri
443 2234 611 2313 putamus.
623 2226 722 2294 Adde
737 2229 846 2293 Strab.
867 2244 892 2305 ι,
907 2230 996 2311 pao
1010 2246 1047 2295 A.
1058 2235 1092 2296 et
1103 2230 1170 2299 alia

74 2331 147 2399 aaa
168 2330 260 2414 apud
278 2329 410 2396 Cluver.
426 2330 503 2395 Ital.
523 2335 591 2395 ant.
608 2345 658 2407 ιν,
683 2331 716 2406 4,
732 2328 773 2391 ed
795 2327 849 2392 hic
878 2333 1003 2393 tantum
1018 2329 1059 2395 de
1081 2330 1172 2397 sama

74 2435 260 2521 qnoerimus,
283 2455 359 2519 qnae
374 2434 415 2498 de
431 2435 548 2498 AEneae
563 2433 725 2498 erroribus
740 2433 775 2496 in
788 2429 840 2495 his
853 2431 948 2496 'locis
961 2433 1077 2513 fuerin
1099 2456 1171 2504 ma·

74 2534 150 2601 oria
163 2541 232 2600 tam
247 2535 399 2618 copiosa,
414 2540 451 2598 ut
464 2535 563 2597 etiam
577 2535 724 2598 omittere
738 2534 894 2597 nonnulla
907 2535 1018 2616 poetae
1035 2555 1170 2602 neeesse
1215 2595 1221 2605 .

74 2633 175 2714 fuerit,
191 2636 240 2698 uti
258 2635 323 2698 hoc
344 2633 382 2697 de
399 2631 582 2720 Prochyta3
610 2653 689 2698 nam
714 2636 851 2699 alterum
877 2634 919 2698 de
939 2632 1052 2699 Caieta
1067 2639 1130 2701 sub
1144 2638 1168 2702 f.

74 2736 125 2804 ib.
142 2754 181 2801 vr
205 2744 240 2802 et
253 2758 302 2821 pr.
321 2754 372 2801 vir
389 2737 546 2801 meminit.
592 2737 646 2801 De
671 2756 738 2820 qna
762 2756 837 2820 qnae
863 2738 957 2801 varie
971 2757 992 2802 a
1005 2740 1170 2804 veteribus

74 2837 187 2903 noia
200 2844 306 2916 erant,
322 2837 493 2921 diligenter
517 2843 675 2921 congesta
698 2837 797 2902 video
812 2856 834 2901 a
847 2836 978 2903 Gluvor.
995 2856 1051 2917 ιιι,
1066 2840 1121 2918 10,
1135 2856 1169 2924 p.

74 2940 162 3009 1065.

490 3223 775 3244 m

384 3466 759 3579 nxcoasas
806 3466 858 3541 v.

302 3670 493 3722 DEIPHOBE
509 3658 663 3721 alaim
680 3670 724 3720 ΕΤ
739 3667 934 3721 stcaanott.

106 3869 160 3928 νι,
175 3850 231 3917 35.
246 3851 291 3917 36
307 3850 446 3917 ‘Phoebi
459 3851 652 3936 Triviaeque
666 3849 824 3916 sacerdos
835 3846 1011 3933 Deiphobe
1025 3845 1170 3913 Glauci!
1234 3870 1238 3876 ’

74 3951 231 4037 libyum
245 3954 287 4017 ab
298 3952 361 4018 hac
377 3952 550 4018 sacerdota
564 3951 728 4017 diversam
738 3970 813 4016 ease
824 3947 1023 4027 habendam,
1037 3953 1173 4013 monent

74 4048 329 4119 Holdsworthus
353 4058 387 4118 et
411 4055 596 4138 Spenoiua3
617 4074 696 4119 nam
716 4072 824 4137 usque
848 4051 892 4116 all
916 4072 948 4116 v.
962 4051 1006 4115 55
1027 4050 1069 4115 da
1089 4048 1171 4114 Dei·

74 4151 178 4237 niobe
196 4156 370 4222 sacerdota
392 4157 467 4240 κείς
489 4161 560 4223 tam
574 4155 748 4242 Sibyllam,
768 4173 843 4220 esea
858 4153 946 4232 caim
958 4152 1043 4219 hano
1058 4147 1171 4215 Picta·
