2664 4686
410 343 462 391 an
484 340 657 392 assinos
686 340 759 392 nin.
780 342 846 391 vir.
1088 327 1180 395 427⁶

68 485 218 557 Arandis
244 484 456 564 Pontificum,
491 483 614 563 Cincii,
644 483 801 563 Caesaris,
835 482 1024 551 'iubereris
1051 490 1178 554 aaut

69 587 196 655 Victor
210 587 254 652 0.
270 585 314 652 G·
329 585 372 652 R.
382 586 437 651 17.
481 584 680 652 Colonorum
695 588 829 671 quidem
842 606 998 653 numerus
1011 607 1077 652 non
1091 589 1176 655 adeo

69 708 213 772 magnius
233 707 310 752 esse
332 689 442 771 potuit
464 689 508 751 ab
529 689 636 766 initio,
655 689 818 772 siquidem
840 691 882 753 iis
907 706 954 769 ro,
978 689 1044 766 rel,
1059 695 1097 755 ut
1118 691 1178 756 alii

69 789 287 867 tradiderant,
304 806 385 855 ioco
396 789 516 873 jugera
536 791 619 854 satis
641 792 732 854 fuere
750 790 793 854 ad
811 790 989 856 arandum:
1011 810 1042 855 v.
1057 790 1117 856 ini.
1132 790 1178 857 ad

69 892 134 957 lib.
155 907 211 968 xi,
231 890 297 956 316
307 910 359 973 sq.
404 890 514 954 Duxit
533 891 621 954 enim
638 911 681 955 ex
695 911 737 955 ea
749 894 933 956 narratione
950 891 1048 957 Maro
1061 910 1179 975 agrum

70 1010 170 1058 saum
184 1011 207 1056 a
220 990 341 1056 Isatino
354 1011 440 1074 rege,
455 999 492 1056 ut
509 991 664 1074 'lbojanis
678 993 901 1075 assignaretur
915 988 1086 1071 colendus,
1101 1014 1178 1078 pro·

69 1092 341 1177 positum,ut1bi
356 1092 550 1157 videbimus.
595 1092 726 1156 Nomen
748 1095 819 1158 urbi
843 1114 864 1158 a
886 1092 1022 1158 Lavinio
1039 1096 1179 1163 inditum
1234 1106 1237 1113 ’

70 1200 231 1259 constans
239 1192 302 1257 suit
315 1191 405 1256 sama
418 1211 440 1255 a
453 1194 634 1277 majoribus
645 1200 795 1277 accepta,
805 1199 878 1274 etsi,
887 1217 963 1278 quae
979 1198 1036 1261 illa
1049 1197 1178 1278 fnisset,

73 1294 168 1358 varie
189 1298 259 1357 erat
280 1293 456 1358 traditum:
483 1314 515 1358 v.
542 1294 683 1378 Dionys.
710 1311 736 1372 1,
760 1297 814 1361 59.
858 1297 1020 1363 lavinum
1045 1320 1180 1384 quoque

70 1393 187 1459 latini
200 1395 332 1458 fratrem
345 1394 498 1460 videntur
512 1395 697 1478 prodidisse
716 1397 796 1461 olim
815 1399 961 1482 quidam,
976 1405 1012 1465 ut
1026 1420 1044 1464 e
1060 1401 1179 1471 Servio

71 1496 213 1578 colligas
232 1494 276 1559 ad
294 1496 354 1559 lib.
371 1512 438 1573 vn,
453 1496 507 1560 59.
553 1495 621 1559 Sed
641 1496 682 1559 de
700 1497 764 1574 his,
781 1499 930 1581 aliisque,
946 1520 1023 1583 quac
1041 1501 1084 1564 ed
1098 1520 1179 1566 con·

70 1598 189 1663 sssium
207 1602 354 1661 nostrum
377 1614 446 1659 non
468 1596 606 1672 iaciunt,
623 1596 759 1661 videndi
784 1594 958 1663 Cluverius
977 1607 1011 1663 et
1032 1600 1179 1684 Vulpins

71 1696 153 1764 aaa
167 1704 236 1762 ant.
250 1695 347 1761 Tom.
362 1714 413 1760 vi.
428 1694 504 1760 add.
520 1696 684 1760 bucetelli
698 1696 792 1762 Diss.
812 1699 847 1761 in
868 1699 963 1763 Diss.
978 1698 1053 1763 dell'
1067 1698 1180 1769 Accu·

71 1798 185 1864 deruis
195 1797 230 1862 di
244 1795 392 1862 Conona
406 1796 502 1861 Tom.
518 1813 586 1873 vir,
601 1817 636 1879 p.
649 1798 725 1862 109.
753 1797 830 1862 Hoc
846 1817 946 1862 uuum
960 1801 1178 1880 monebimus,

73 1896 301 1963 Laurolauinii
319 1919 435 1963 nomeu
454 1897 498 1962 ad
520 1900 644 1962 serima
664 1905 814 1983 tempora
833 1906 911 1983 post
933 1899 1180 1984 Vespasianum

71 2008 244 2086 spectare3
273 2001 405 2065 colonia
428 1999 510 2064 sorte
533 2019 577 2063 ex
601 2000 819 2065 Laurentibus
843 2007 876 2065 et
900 2001 1121 2067 Larinatibus
1142 2003 1180 2069 in

70 2120 175 2169 unam
186 2104 300 2167 urbem
314 2102 513 2183 conscripta.
558 2098 685 2166 Peccat
704 2101 740 2163 in
760 2101 824 2166 boc
844 2101 979 2166 Servius
993 2101 1038 2165 ad
1052 2119 1119 2185 vii,
1131 2096 1179 2171 ω

70 2206 107 2267 at
117 2203 202 2267 alibi
216 2221 291 2266 cum
306 2203 392 2266 aliis.

117 2301 231 2367 Nobis
254 2298 415 2364 Numicius
438 2302 546 2366 adhuc
568 2304 669 2367 verbo
687 2302 993 2367 commemorandus
1015 2303 1180 2381 estiatur

72 2403 279 2469 laurentum
301 2420 342 2466 ac
365 2401 542 2465 Lavinium
564 2402 713 2466 defluens
736 2404 853 2480 amnis,
868 2404 962 2468 alteri
977 2404 1054 2467 buic
1069 2409 1179 2468 tamen

72 2504 224 2588 propior.
268 2501 355 2565 Eum
377 2504 440 2566 sub
462 2509 571 2566 monte
593 2501 630 2567 S.
647 2502 844 2568 Petronellae
864 2522 909 2566 ex
931 2509 1023 2567 anuo
1042 2503 1078 2566 in
1101 2502 1181 2566 snb·

66 2606 181 2690 Jectos
195 2623 290 2686 agros
304 2624 444 2688 pronum
453 2605 620 2668 decurrere
633 2610 741 2668 nanat
755 2603 886 2669 Cluver.
898 2604 973 2668 Ital.
985 2610 1050 2668 ant.
1061 2623 1095 2685 p.
1104 2603 1181 2667 894.

72 2703 124 2770 At
136 2725 182 2769 ex
196 2706 272 2768 lacu
287 2705 480 2769 Nemorensi
499 2704 630 2787 prodire
650 2709 683 2767 et
702 2724 787 2768 nunc
810 2706 872 2768 sub
894 2707 1023 2768 nomine
1040 2702 1131 2767 Rivo
1145 2702 1182 2770 di

73 2804 179 2871 Nemi
192 2806 294 2869 latere
311 2805 461 2887 Ligarius
476 2804 619 2868 tradidit.
657 2804 728 2867 Sub
743 2805 868 2887 oppido
883 2804 1018 2869 Patrico
1033 2805 1090 2869 alii
1105 2824 1181 2869 cum

72 2907 330 2988 investigarunt:
361 2903 452 2987 quod
481 2910 588 2967 tamen
616 2904 659 2967 ad
688 2904 802 2967 eadem
827 2906 904 2967 loca
928 2911 1067 2988 spectat.
1111 2904 1183 2973 Alii
1239 2954 1243 2963 .

70 3025 164 3071 nunc
184 3007 356 3069 exaruisse
376 3023 452 3068 eum
476 3003 656 3080 affirmant;
678 3009 712 3065 et
733 3003 949 3084 interceptum
971 3022 1099 3066 anmem
1107 3005 1181 3088 jam

73 3106 212 3174 Servius
237 3106 366 3170 notavit
393 3104 437 3168 ad
461 3105 519 3168 lib.
544 3121 613 3180 vu,
633 3105 708 3167 150.
754 3103 793 3166 Iu
820 3103 882 3166 hoc
910 3103 1011 3167 fluvio
1040 3105 1180 3183 AEueas,

72 3226 188 3293 pugna
210 3207 254 3271 ad
277 3225 352 3271 eum
375 3225 435 3270 seu
459 3225 535 3269 curn
559 3204 707 3267 Etruscis
731 3223 791 3267 seu
815 3223 891 3266 cum
919 3202 1053 3266 Rutulis
1077 3205 1180 3284 sacta,

72 3309 251 3386 interiisse,
266 3313 354 3371 certe
375 3308 483 3371 oculis
499 3307 650 3369 sublatus
664 3326 738 3370 esse
753 3305 896 3369 creditus
916 3311 981 3369 est:
1006 3304 1132 3369 factum
1149 3306 1181 3371 ei

72 3410 118 3476 ad
131 3410 226 3493 ripas
239 3409 411 3484 sacellum,
433 3427 509 3471 cum
529 3408 616 3485 luco,
639 3403 729 3468 Jovis
748 3407 802 3470 vel
826 3402 938 3469 Putris
957 3403 1101 3492 indigetis
1122 3427 1182 3473 no·

71 3512 186 3590 mine;
208 3516 276 3588 aut,
291 3510 382 3593 quod
403 3510 532 3572 credere
547 3529 608 3591 par
623 3515 685 3586 cst,
701 3509 896 3591 antiquioris
910 3509 1053 3573 numinis
1067 3511 1102 3573 in
1116 3511 1181 3576 boc

72 3611 150 3676 loco
172 3630 194 3675 a
216 3612 338 3695 priscis
362 3611 492 3674 Latinis
516 3597 604 3675 culti'
621 3631 717 3675 sacra
742 3611 786 3675 ad
810 3612 951 3674 AEneam
972 3612 1110 3676 retulere
1129 3631 1182 3677 se·

72 3711 196 3777 riores:
219 3712 267 3774 uti
280 3717 331 3775 tot
344 3711 412 3774 alia
424 3714 558 3776 veterisx
568 3713 658 3776 Latii
676 3715 809 3776 numina
828 3731 873 3775 cx
887 3714 956 3775 suis
971 3713 1181 3795 opinionibus

74 3812 279 3896 interpretati
308 3819 385 3876 sunt
414 3812 569 3877 Romani.
615 3812 697 3876 Inde
735 3814 885 3876 Numicii
913 3815 1039 3877 nomini
1064 3815 1181 3902 rpligio

74 3913 191 3999 aliqua
204 3916 314 3978 inesse
329 3916 445 3997 coepit.
491 3915 602 3980 Utitur
623 3935 664 3979 eo
684 3915 784 3998 poe'ta
797 3915 974 3999 aliquoties
989 3917 1120 3979 omnino
1135 3913 1181 3978 ad

74 4014 314 4099 &signandum
329 4014 480 4081 Lunum:
502 4035 536 4082 v.
552 4035 583 4080 c.
599 4032 666 4093 vn,
682 4016 758 4080 242.
802 4015 940 4081 Fontem
961 4016 1054 4080 fluvii
1070 4016 1181 4083 lacum

76 4114 131 4184 vu
155 4123 309 4201 stagnum
331 4117 437 4184 l'uisse
460 4117 592 4185 tradunt
614 4136 659 4182 ex
680 4118 761 4183 AEn.
784 4133 850 4199 ιιι,
871 4120 937 4185 150
960 4116 1181 4189 ‘bectantia
