2692 4974
115 670 206 742 teet
541 684 794 738 axcuaeusu.

117 830 1210 910 nimffimuosecit,utunonnuntsuarruretm;1aeomseamurnm
1255 792 1258 931 ξ

119 935 318 1010 condidisse,
342 940 375 997 et
398 936 441 996 ab
456 931 608 1018 Amyclis
623 935 695 997 suis
707 951 825 997 nomen
839 932 1015 998 indidisse·
1065 932 1123 998 De
1139 940 1217 999 usu-2
1257 938 1258 947 ’

77 1079 82 1093 ,
117 1055 199 1119 pore
212 1037 350 1099 coloniae
366 1035 475 1099 ductae
490 1038 580 1098 varie
596 1034 761 1099 traditum.
813 1031 883 1098 Alii
907 1036 1051 1099 comitae
1074 1034 1214 1103 castaus

116 1143 150 1201 et
178 1136 327 1200 Pollucis
354 1137 418 1199 huc
441 1136 621 1219 appulisse·
634 1142 817 1214 narrarunt,
843 1136 901 1200 alii
927 1134 1128 1219 Amyuaeos
1146 1146 1212 1203 em

118 1236 262 1314 Glauco,
293 1235 418 1301 Minois
446 1237 528 1314 tilio,
564 1238 696 1302 venisse
724 1235 831 1322 (apud
860 1233 1068 1320 Servium);·
1092 1236 1214 1304 tmen

117 1340 219 1403 etiam
240 1339 342 1414 fuere,
366 1341 424 1421 qui
448 1338 591 1421 Lycurgi
616 1344 715 1403 aetate
737 1339 901 1401 coloniam
924 1337 1064 1401 ductam
1076 1337 1213 1405 diceteut

117 1541 313 1608 Pomentino
324 1542 558 1618 escendissent,
575 1541 725 1605 Feroniae
746 1539 859 1604 sanum
880 1540 1089 1617 extruxisse,
1102 1544 1137 1604 et
1149 1556 1215 1623 pat·

116 1643 175 1707 tim
188 1643 267 1708 inde
280 1643 423 1707 Sabinos
438 1643 666 1724 contendisse:
697 1662 732 1706 a.
750 1641 889 1725 Dionys.
910 1639 1029 1705 Helio.
1051 1640 1114 1706 lib.
1127 1638 1214 1719 usdl

117 1747 168 1826 tp.
182 1744 270 1822 113).
323 1743 474 1809 Ceterum
488 1745 531 1817 ad
546 1746 629 1808 istas
644 1744 754 1809 Italiae
772 1741 945 1827 Amyclas,
960 1762 1039 1825 quae
1054 1758 1214 1827 usercen·

1 1874 7 1887 ·
118 1845 208 1911 tibus
235 1844 353 1909 deletae
379 1864 452 1909 osse
473 1852 654 1922 narrantur,
678 1848 830 1927 spectare
854 1843 1000 1908 creditur
1025 1844 1214 1909 marmorio

118 1946 248 2012 aedibus
264 1947 394 2011 March.
409 1945 590 2010 Rondinini
606 1945 726 2010 Romae
743 1950 921 2021 servatum,
941 1945 1050 2027 (apud
1066 1943 1216 2011 ommni

120 2045 325 2111 Monumenti
341 2047 464 2111 antichi
478 2045 595 2113 inediti
609 2066 669 2128 per
683 2044 792 2109 l’anno
803 2045 900 2110 1787.
912 2064 947 2128 p.
960 2060 1103 2110 nxxvt.
1118 2050 1181 2111 lav.
1191 2046 1216 2123 t)
1255 2032 1258 2053 ¹

119 2147 154 2209 in
177 2166 246 2229 quo
262 2147 401 2211 Fluvios
423 2148 509 2210 intra
529 2148 686 2210 ulvosum
713 2165 841 2210 amnem
865 2145 908 2210 ad
931 2145 1084 2213 medium
1104 2160 1216 2231 cotun!

119 2247 281 2310 recubans
302 2248 429 2328 excipit
451 2255 567 2328 patera
589 2249 695 2311 rivum
715 2268 761 2311 ex
785 2246 958 2312 altofonte
971 2248 1217 2313 descendentem

121 2346 163 2414 dc
176 2354 297 2425 monte,
312 2352 347 2411 in
361 2368 428 2432 quo
442 2349 545 2413 ruinoe
559 2350 649 2412 usbis
663 2352 813 2413 visuntur
824 2343 839 2429 3'
867 2355 1026 2432 properat
1048 2349 1094 2413 ed
1117 2348 1217 2416 rivum

120 2465 255 2532 serpeus
275 2450 390 2531 ingens
415 2450 583 2527 barbatus,
599 2457 754 2533 tanquam
767 2451 856 2515 sitim
869 2452 1095 2516 restinctmus.
1149 2449 1217 2514 ne·

120 2549 273 2618 nisestmn
286 2551 401 2635 utique
414 2551 463 2631 fit,
488 2552 602 2617 urbem
615 2553 649 2616 in
664 2553 733 2617 olto
746 2552 846 2618 sitam
859 2557 1029 2619 vastatam
1042 2572 1086 2619 ac
1100 2550 1217 2621 desola-

119 2652 373 2719 tamdeclarari.
1213 2698 1217 2709 .

539 2966 813 2986 Ἢ

458 3211 810 3291 EXCURSUS
845 3216 882 3291 Ι.

340 3435 421 3502 ΑΙ)
457 3434 747 3500 AENEIDOS
783 3435 897 3502 LIB.
929 3437 1003 3507 xl.

261 3701 313 3751 oa
331 3660 513 3749 momnis
533 3697 685 3751 sanmus
702 3701 743 3752 m
760 3700 904 3752 Acunum
920 3701 1086 3754 turona

50 3874 60 3892 ⁸
121 3865 200 3926 ω.
221 3879 276 3942 xi,
290 3864 356 3928 243
379 3863 570 3942 ‘Vidimus
594 3886 615 3931 o
638 3869 742 3944 cives,
760 3866 924 3931 Diomede
939 3863 1217 3952 Argivaquecas·¹

119 3962 179 4033 ua*
202 3970 277 4041 eto,
293 3970 326 4029 ct
339 3985 440 4048 supra
458 3969 577 4044 v111,9
599 3967 767 4031 ‘Mittitur
790 3973 823 4030 et
844 3969 959 4048 magni
971 3967 1124 4033 Venulus
1141 3968 1218 4035 nie

117 4063 227 4131 medis
242 4066 284 4130 ad
301 4068 427 4144 urbem,
443 4066 513 4146 Qui
528 4074 617 4152 potat
631 4065 815 4132 auxilium!
861 4066 939 4144 Qua
953 4074 1024 4132 arte
1036 4069 1217 4153 podtaaep·

119 4168 200 4233 timo
222 4168 305 4233 libro
334 4168 476 4235 Graecas
500 4171 648 4241 colonias
669 4177 702 4234 et
724 4170 877 4252 populos,
902 4188 1042 4252 quorum
1067 4172 1215 4252 originem

119 4273 245 4334 veteres
261 4271 383 4336 fabulae
406 4291 428 4334 a
447 4270 579 4336 Graecis
594 4274 795 4354 repetebant,
819 4272 949 4335 Latinis
971 4282 1005 4334 et
1030 4270 1217 4336 Rutulieiu

118 4370 198 4435 belli
210 4375 403 4437 societatem
415 4370 581 4455 adjunxit,
602 4374 718 4438 eadem
736 4390 823 4438 nunc
836 4373 881 4438 ad
898 4372 1097 4440 Diomedem
1111 4371 1152 4444 in¹
1161 4386 1215 4435 cx·

116 4475 224 4536 neme
243 4471 356 4538 Italia
369 4489 430 4539 ora
449 4471 493 4537 de
515 4472 652 4541 auxiliis
675 4473 828 4559 petendis
847 4473 974 4561 legatos
991 4474 1082 4542 mitti
1101 4472 1215 4539 namt·
