2664 4686
444 350 496 400 An
519 350 690 401 muninus
713 350 836 401 crant.
1105 330 1192 402 m

92 512 136 563 uc
145 495 275 576 muns}
304 493 477 578 qnmrique
491 493 586 571 adeo,
601 512 676 558 cam
690 496 775 558 satis
787 498 961 572 constaret,
975 497 1093 562 laesum
1107 509 1191 579 esse,
1235 524 1239 533 ’

92 616 159 681 qua
177 597 213 660 in
232 613 269 658 re
290 593 543 674 laesum'iuerit3
565 615 636 678 quo,
651 597 766 677 qna-in
780 614 826 672 ro,
841 599 965 659 numina
985 593 1065 662 Icto.
1111 598 1191 665 Hoc

92 716 187 781 quarn
201 697 374 777 ingratum,
389 700 422 757 ct
434 694 579 777 pedestri
593 696 730 758 orationi
744 697 895 779 propius,
910 698 965 773 sit,
980 699 1085 763 sentio
1098 699 1194 783 equi·¹

92 796 182 876 ως
202 814 272 860 nou
292 802 403 860 umen
415 795 565 858 videntur
580 796 723 859 sensisse
738 797 802 859 viri
817 795 917 860 docti.
962 796 1053 860 Nam
1067 802 1101 861 et
1115 800 1191 865 Ser·

92 900 162 962 rius
176 896 243 959 hoc
258 896 417 978 apposuit
429 897 645 977 primo-loco:
667 899 691 975 (‘
707 916 778 979 quo,
790 898 824 959 in
845 915 923 980 quo,
939 898 973 960 in
988 917 1057 979 qun
1070 916 1192 982 causa3

92 1004 184 1066 sest
197 1000 359 1081 septimus
372 1015 484 1072 casus,
500 1002 533 1059 et
547 999 731 1061 communis
745 997 885 1061 elocutio
896 1018 906 1076 3
929 997 1072 1061 dicimus
1085 1001 1170 1064 enim
1183 1022 1193 1067 ε

92 1120 148 1185 pao
166 1109 198 1163 te
220 1096 307 1162 lai!
351 1097 457 1162 Recte
479 1116 568 1175 sane,
583 1099 645 1162 vix
658 1103 765 1162 tamen
779 1102 862 1162 bene
876 1099 1001 1181 duplici
1018 1100 1194 1187 ablafivc.)

92 1206 123 1265 et
136 1200 311 1278 Heinsius,
324 1198 389 1263 Jo:
398 1199 488 1264 Frid.
502 1198 672 1264 Gronovio
689 1199 790 1264 Obss.
807 1201 890 1277 rv,9
902 1201 1036 1265 laudato
1050 1190 1196 1292 auctore,

92 1302 262 1385 probavit3
285 1301 421 1384 subjicit
433 1306 543 1364 tamen
558 1304 568 1333 ‘
584 1320 686 1383 posse
703 1307 736 1367 et
749 1302 940 1384 simpliciter
954 1304 1042 1384 capi,
1056 1308 1095 1368 ut
1107 1304 1195 1369 inira

92 1403 152 1468 nu
181 1408 339 1487 ‘nequo
366 1420 403 1465 sc
426 1403 557 1465 numine
581 1390 725 1467 mutet.''
752 1403 1019 1485 quoquomodo
1044 1424 1119 1468 cum
1139 1406 1193 1470 his

92 1505 289 1569 conveniant
302 1522 369 1567 non
382 1503 493 1567 rideo.
521 1503 611 1567 Nam
625 1504 674 1567 ibi
688 1508 741 1568 est
754 1511 903 1587 potestas
919 1504 983 1568 Dei
997 1506 1030 1568 iu
1044 1505 1191 1571 fraudem

92 1626 204 1672 versa:
226 1627 270 1671 ne
297 1627 364 1690 quo
389 1606 479 1684 dolo,
505 1626 573 1689 qua
595 1606 713 1671 fraude
736 1607 876 1690 alicujus
900 1605 978 1683 Dei,
1001 1605 1074 1690 ejus
1100 1626 1194 1673 meus

92 1714 243 1774 mutetur.

127 1807 216 1872 Post
228 1808 428 1874 haecomnia
449 1806 585 1885 dixeris,
608 1826 683 1871 oum
703 1808 794 1872 nulla
815 1806 1093 1873 satis'oommoda
1104 1809 1191 1875 ratio

92 1908 322 1993 uterpretandi
350 1912 514 1990 suppetat,
546 1907 588 1970 de
625 1908 813 1990 cormptela
852 1927 927 1972 esse
968 1909 1191 1990 cogitandum.

92 2004 227 2074 Videtur
239 2015 349 2073 tamen
364 2008 424 2072 illa
435 2009 473 2071 in
485 2007 623 2071 exordio
637 2014 708 2071 tam
721 2009 791 2072 noti
808 2026 849 2070 ac
867 2007 1023 2072 celebrati
1039 2009 1192 2073 carminis
1297 2077 1301 2081 ,

92 2111 146 2175 rix
163 2110 278 2174 locum
294 2109 437 2187 habere3
460 2107 555 2171 aliter
575 2126 611 2170 se
631 2126 683 2171 res
704 2107 839 2170 haberet
859 2108 895 2169 in
917 2107 1061 2171 carmine
1077 2109 1113 2171 iu
1125 2127 1191 2173 uno

92 2209 140 2273 rel
152 2209 258 2272 altero
270 2208 356 2271 libro
375 2207 486 2271 lacero
506 2212 637 2269 servato
649 2226 659 2285 3
681 2212 751 2268 tum
770 2224 850 2268 vero
868 2206 1013 2269 noudum
1033 2204 1117 2284 vidi,
1131 2228 1191 2273 nec

92 2309 160 2392 ipoe
172 2315 331 2392 exputare
344 2326 494 2390 possum,
508 2304 768 2368 emendationem
783 2304 864 2366 satis
879 2302 1095 2386 probabilem.
1124 2304 1194 2372 Ve-

92 2408 259 2473 utstatim
271 2411 306 2472 iu
319 2413 476 2471 mentem:
500 2423 600 2469 casus
620 2409 742 2480 rectos,
765 2400 868 2466 doleas
891 2409 924 2467 et
945 2402 1066 2497 regino,
1083 2410 1193 2493 requi.

92 2527 155 2573 rere
178 2506 273 2577 lacu,-
293 2527 408 2573 verum
431 2504 601 2589 quidest:
624 2522 684 2586 quo
707 2501 833 2565 acumine
856 2499 927 2566 laeso
951 2499 1066 2567 June?
1087 2512 1192 2585 esme,

92 2608 159 2694 ipsa
174 2630 196 2674 a
210 2630 278 2695 quo
287 2610 421 2673 numine
441 2607 551 2671 laesal
574 2624 617 2668 an
638 2603 815 2681 redibimus
840 2605 884 2667 ad
903 2606 1076 2671 molestam
1092 2608 1192 2672 inter·

92 2712 323 2793 pretationem:
346 2706 555 2792 pronomine,
573 2724 639 2788 qua
661 2722 732 2767 suae
754 2705 939 2787 majestatis
956 2709 1079 2788 partel
1103 2707 1193 2773 Inci-

92 2810 161 2876 dere
183 2810 332 2893 proclive
354 2809 461 2872 estin
488 2806 638 2881 alterum,
661 2826 721 2888 quo
743 2805 864 2867 nomine
886 2803 967 2884 Icaro,
991 2827 1058 2891 qun
1078 2827 1192 2887 causa,

92 2931 154 2995 qua
166 2931 216 2988 re,
234 2909 356 2993 quade
369 2929 415 2973 re.
459 2907 501 2971 In
515 2906 579 2969 hoc
595 2904 762 2982 Gatroeus,
778 2906 1004 2984 Heumannus,
1024 2908 1098 2990 jam
1112 2909 1193 2973 olim

92 3011 269 3099 Scioppius
295 3011 454 3074 inciderat
481 3010 515 3072 in
546 3004 726 3068 Purodnxis
753 3005 919 3071 litterariis
947 3008 1023 3081 (sub
1050 3005 1195 3071 Pascosii

92 3108 241 3195 Grotipps‘
261 3111 393 3173 nomine
414 3108 594 3172 Mediolani
616 3107 713 3170 1628.
736 3105 895 3190 vtdgatis)
915 3108 972 3170 ubi
993 3127 1028 3190 p.
1043 3108 1088 3171 24
1108 3113 1195 3172 recte

92 3214 239 3295 exagitat
252 3211 360 3276 Servii
372 3212 526 3286 rationes,
540 3216 609 3273 tum
628 3209 735 3288 legere
758 3205 892 3271 suadet:
914 3228 974 3291 quo
988 3207 1109 3271 nomiae
1124 3206 1195 3271 Iaso

92 3312 171 3398 [non
206 3313 343 3389 numine,
379 3312 469 3395 quod
498 3312 542 3375 ud
564 3310 598 3374 h.
627 3308 649 3372 l.
674 3308 809 3390 virgilii
837 3307 999 3372 Heinsius
1026 3306 1195 3393 ascripsit)

92 3414 333 3479 luudatislocis
347 3413 497 3477 Suetonii
518 3414 552 3475 in
574 3410 685 3477 Galba
704 3429 735 3474 c.
752 3410 805 3473 16.
849 3408 1024 3473 ‘Subinde
1041 3409 1194 3491 jactavit,

92 3512 196 3598 bam
211 3534 249 3579 se
262 3515 411 3590 militem,
425 3532 493 3578 non
505 3532 610 3577 emere
625 3512 839 3575 consuevisse
850 3531 860 3574 t
883 3509 996 3592 Atque
1011 3530 1044 3571 eo
1061 3509 1196 3593 quidem

93 3616 214 3680 nominc
239 3617 433 3699 omnesqui
456 3615 579 3699 ubique
608 3618 700 3677 eraut
727 3612 849 3676 milites
878 3610 1114 3688 exacerbavit,'
1137 3611 1196 3675 illo

96 3717 223 3783 scilicet
252 3719 383 3782 nomine
410 3717 496 3794 laesi,
528 3734 569 3779 ea
599 3734 702 3779 causa
730 3713 921 3777 exacerbati
948 3711 1037 3779 fuere
1064 3712 1196 3788 milites,

99 3818 185 3901 qnod
205 3820 254 3883 ita
271 3817 442 3902 jactasset.
485 3816 579 3879 Serv.
595 3814 767 3897 Sulpicius
782 3811 872 3895 apud
887 3808 1078 3877 Ciceronem
1093 3827 1131 3872 rv
1154 3808 1199 3872 ad

101 3915 176 3985 lliv.
189 3922 225 3985 6.
271 3917 391 3996 ‘Quid
404 3920 466 3993 est,
482 3916 573 4000 quod
586 3922 635 3992 tu,
651 3920 708 3980 aut
728 3913 798 3978 filia
819 3918 887 3989 tua,
902 3930 978 3975 cum
999 3910 1128 3973 fortuna
1141 3904 1197 3970 hoc

103 4019 219 4085 renim
235 4021 328 4105 queri
346 4018 483 4102 possitis
491 4015 517 4080 l’
538 4015 619 4098 Ipse
640 4032 773 4098 quoque
796 4011 916 4087 Cicero
938 4009 979 4072 de
1003 4006 1078 4070 Fiu.
1098 4021 1140 4083 ιι,
1161 4009 1198 4076 7.

107 4120 183 4207 ‘qui
191 4138 275 4189 oum
287 4118 459 4189 luxurioee
474 4116 641 4196 viverent,
661 4132 684 4179 a
703 4131 833 4185 summo
853 4104 1053 4198 philosopho
1070 4123 1135 4177 noo
1148 4126 1199 4177 η.
