2664 4686
434 352 486 402 sn
507 352 681 405 anninus
713 354 785 402 nra.
810 355 850 403 u.
1111 340 1199 405 4075

92 514 199 581 para,
216 494 323 583 quod,
336 516 370 561 a
381 494 507 579 nuptiis
521 496 668 561 Jovis-et
680 496 825 561 Junonis
839 498 1010 581 incipiens,
1026 500 1200 566 uniuersas

92 596 258 676 istoriaa,
281 618 359 683 quaa
383 598 503 663 mediis
526 598 680 664 omuibus
708 600 841 663 saeculis
866 618 972 683 usque
999 600 1042 664 ad
1067 607 1199 667 aetatem

92 698 195 783 psius
220 698 383 765 Pisandri
411 701 625 783 contigerunt,
650 702 685 763 in
707 719 806 764 unam
824 702 942 764 seriem
956 707 1094 767 coacms
1107 703 1199 768 reda-

92 798 172 881 pria
197 804 236 867 at
260 794 371 865 innum'
387 818 433 865 ax
450 800 598 866 'diversis
621 802 766 867 hiatibus
789 802 839 887 (b.
857 822 888 866 e.
909 804 1108 884 intervallis3
1128 805 1198 869 noli

92 902 226 978 dare,
241 898 412 985 tractibus)
423 909 610 987 temporum
624 922 746 986 corpus
760 902 914 967 effecerit.
958 904 999 968 In
1019 924 1085 987 quo
1100 925 1198 989 opera

92 996 174 1065 *r
192 1000 356 1065 historias
381 1006 508 1067 ceteras
531 1004 678 1067 interitus
701 1023 834 1087 quoquo
854 1003 965 1089 Trojae
982 1006 1016 1068 in
1029 1006 1113 1069 hunc
1127 1025 1198 1068 mo·

92 1098 167 1165 buu
181 1101 307 1165 relatus
321 1107 383 1167 est.
428 1102 514 1181 Quae
529 1102 667 1167 fideliter
688 1103 785 1167 blano
800 1105 1041 1187 interpretando
1055 1104 1199 1169 fabrica-

92 1208 212 1267 usust
228 1204 294 1268 sibi
309 1202 425 1270 Iliacae
440 1207 532 1269 urbis
546 1206 684 1270 ruinam.
714 1205 826 1269 Sedet
840 1206 913 1271 haec
927 1211 961 1273 st
974 1207 1054 1272 talia
1065 1206 1199 1291 (nempe

92 1304 227 1369 munio
252 1305 343 1388 quod
364 1305 526 1389 Virgilius
548 1305 690 1370 Graecos
712 1304 830 1389 poiitas
845 1307 991 1371 imitabis
1004 1303 1065 1389 sit)
1087 1311 1123 1369 ut
1136 1325 1198 1389 pu-

92 1404 155 1469 rris
175 1405 354 1471 decantata
373 1406 560 1491 praetereo!¹
602 1407 770 1471 Praeclara
782 1408 937 1484 narratio,
953 1414 988 1471 ct
1000 1409 1034 1471 in
1047 1419 1114 1491 qua
1130 1406 1197 1471 rel·

92 1506 383 1589 lamacqniescera
403 1526 515 1593 posse.
561 1506 629 1571 Sed
652 1507 869 1590 dispiciamus
895 1528 970 1571 cam
998 1510 1196 1585 accuratius,

92 1614 120 1671 et
131 1609 279 1692 primum
293 1608 426 1692 quidum
439 1608 621 1685 videamus,
636 1610 786 1692 quisnam
802 1610 857 1674 ille
875 1605 1042 1686 Pisandri,
1056 1610 1198 1751 alquale

92 1707 198 1773 boc
167 1726 242 1793 eJus
256 1727 342 1793 opus
355 1708 465 1774 suerit.

131 1806 269 1872 Nomen
283 1814 392 1873 autem
406 1809 487 1873 illud
501 1830 562 1894 pcr
576 1810 643 1874 duo
658 1811 802 1873 maxime
816 1811 970 1876 inclaruit
984 1810 1114 1895 poiitas.
1137 1810 1197 1877 a]-

92 1914 137 1973 tcr
150 1909 217 1975 suit
230 1911 346 1988 serior,
371 1916 426 1972 τῶν
444 1914 591 1995 lipsium
612 1910 772 1995 θεογομιῶν
787 1918 913 1989 auctor,
939 1912 981 1975 dc
997 1932 1063 1996 quo
1077 1917 1197 1996 postca
1226 1982 1229 1987 ,

92 2008 222 2091 dicam;
254 2010 337 2075 altor
359 2013 515 2094 antiquus
537 2010 638 2094 polita
660 2012 833 2090 Pisander,
864 2015 922 2097 qui
949 2015 1038 2078 circa
1060 2030 1196 2078 xxxin

92 2106 228 2193 olymp.
251 2112 349 2189 vixit,
376 2131 568 2196 quanquam
591 2113 648 2176 alii
669 2113 826 2178 Hesiodo
848 2116 1065 2198 antiquiorem
1080 2121 1114 2177 et
1129 2112 1197 2176 Eu-

92 2208 204 2294 molpo
219 2212 377 2294 aequalem
398 2211 607 2288 tradiderunt,
624 2212 757 2276 Camiro
773 2212 886 2275 Rhodi
901 2213 1070 2289 oriundus,
1088 2212 1198 2276 Hera-

92 2310 173 2376 cleae
187 2313 273 2375 libb.
288 2319 455 2390 u'auctor,
473 2315 505 2378 h.
521 2334 551 2377 e.
568 2314 721 2376 carminis
739 2312 779 2375 de
794 2313 891 2375 robus
906 2312 949 2376 ab
965 2313 1112 2377 Hercule
1126 2333 1198 2396 ges·

92 2414 144 2491 tis,
160 2414 260 2497 cujus
273 2432 337 2477 non
350 2414 535 2499 infrequens
550 2416 633 2479 inter
647 2413 892 2478 Grammaticos
906 2414 1038 2478 mentio.
1067 2415 1197 2480 Diserte
1223 2438 1227 2445 ·

92 2513 131 2577 dc
146 2534 189 2578 eo
204 2515 274 2596 agii
287 2514 421 2579 Suidas.
445 2514 498 2578 cf.
523 2515 656 2579 Kuster.
678 2513 721 2576 ad
741 2534 771 2578 c.
786 2516 808 2579 l.
828 2513 953 2577 Meurs.
969 2515 1003 2577 in
1018 2514 1139 2579 Rhodo
1156 2534 1196 2592 11,

92 2614 145 2678 ll.
168 2614 298 2679 Staver.
321 2622 354 2678 et
370 2615 544 2680 blunckcr.
570 2615 613 2678 ad
630 2616 755 2698 Hygia.
780 2613 916 2680 Astron.
941 2616 995 2679 24.
1019 2616 1196 2681 Burmann.

92 2714 167 2780 Sec.
183 2716 227 2778 ad
241 2715 357 2780 Voles.
374 2717 511 2781 Emeud.
528 2735 577 2794 lv,
592 2718 645 2792 14,
666 2718 723 2800 qui
739 2716 892 2780 Pisandri
906 2736 1024 2779 nomen
1039 2717 1198 2799 praeclarc

92 2815 250 2881 adsersus
265 2818 475 2882 substitutum
499 2815 684 2899 Terpandri
700 2822 816 2893 tuetur,
842 2824 873 2882 et
900 2815 1069 2899 Koppiers
1095 2816 1196 2882 Obss.

92 2936 125 2997 p·
138 2919 216 2981 110.
260 2917 406 2982 Tertium
421 2917 553 3000 quidem
575 2916 718 2999 aliquem
739 2916 936 2980 Pisandrum
961 2917 1095 2998 politam
1119 2918 1198 2982 facit

94 3016 210 3081 Vales.
227 3017 270 3079 ud
285 3018 436 3102 Hesych.
452 3020 485 3081 iu
500 3024 574 3089 Νοῦς
586 3019 616 3078 οὐ
630 3013 710 3100 sapui
727 3015 904 3100 Κενταύροις,
927 3023 961 3079 ct
983 3038 1059 3080 cum
1072 3038 1113 3081 eo
1128 3018 1196 3080 alii.

95 3118 157 3182 Sed
171 3120 207 3182 in
224 3119 336 3182 Schol.
353 3119 526 3201 Aristoph.
541 3116 643 3183 rivib.
659 3120 747 3182 liniis
762 3115 976 3201 κωμῳδούμενος
1000 3119 1122 3199 aliquis
1140 3118 1198 3181 Pi-

98 3221 211 3285 sander
233 3229 446 3299 memoratur,
468 3222 564 3304 cujus
582 3242 673 3305 saepc
697 3222 784 3305 apud
801 3221 913 3285 Schol.
928 3222 1050 3284 mentio
1066 3219 1113 3295 fit,
1140 3223 1197 3302 qui

99 3324 191 3385 ctiam
219 3321 368 3386 Platonis
393 3321 593 3387 comoediam
623 3342 664 3385 co
693 3324 824 3385 nominc
853 3322 1040 3402 insignitam
1068 3320 1195 3383 laudat.

101 3420 187 3488 Adde
202 3422 341 3488 Suidam
356 3426 389 3487 in
405 3422 446 3487 Ei
456 3450 484 3486 τι
502 3424 682 3511 Πεισάνδρου.
729 3424 840 3487 Etiam
866 3420 1059 3485 Pisandrum
1082 3417 1197 3508 Physi-

102 3544 157 3586 rurn
172 3524 371 3607 Fulgentius
384 3529 509 3592 excitat
532 3526 712 3610 Mytholog.
730 3544 754 3602 1,
781 3527 841 3603 li;
864 3544 975 3587 rerum
999 3522 1198 3588 Grammati-

104 3642 153 3688 cos
166 3627 222 3690 ille
236 3629 271 3689 in
287 3628 483 3710 scriptorum
497 3629 681 3691 nominibus
698 3628 828 3690 omnino
853 3632 902 3688 est
924 3625 1198 3689 contrmrinatissi-

104 3744 176 3792 mus,
230 3728 298 3792 Sed
325 3727 483 3812 antiquior
506 3731 559 3794 illc
597 3725 751 3790 Pisander
780 3729 861 3790 inter
886 3727 1052 3809 principes
1079 3728 1197 3808 postas

107 3828 206 3909 epicos
232 3835 313 3911 post
340 3829 536 3907 Homerum,
567 3829 765 3904 Hesiodum,
795 3828 962 3910 Panyasiu
988 3833 1021 3890 et
1047 3825 1196 3889 Antima-

109 3926 189 3992 rbum
212 3930 275 3994 fuit
297 3928 442 4007 babitus,
468 3935 502 3993 ct
516 3949 537 3992 a
550 3928 786 3993 Grammaticis
801 3928 1035 3992 Alexandrinis
1049 3929 1084 3988 in
1099 3942 1197 3987 cano·

110 4036 210 4094 unu
222 4032 354 4115 cyclum
369 4033 500 4115 epicum
514 4032 655 4095 relatus:
679 4051 712 4094 v.
730 4049 805 4112 sup.
820 4051 854 4112 p.
868 4030 954 4107 anm
978 4026 1064 4089 adde
1077 4024 1195 4104 fragm.

115 4122 262 4196 consorini
275 4152 308 4197 c.
322 4133 346 4199 9
358 4138 393 4198 et
405 4133 493 4197 idem
516 4128 718 4214 διασημότατος
743 4134 855 4207 ποιητὴς
881 4127 970 4211 apud
986 4123 1143 4206 Stephani.
1161 4120 1196 4184 ill
