2664 4686
390 315 442 365 in
464 316 635 369 sumnus
656 318 734 371 ιιι.
757 320 823 371 vu.
1074 306 1171 377 iidd-

82 459 153 546 rp‘a
171 461 380 527 etmrmcnis
393 462 518 548 podtici
533 471 660 545 ornam,
681 466 864 550 spectanda
877 466 941 534 sit:
970 486 1165 555 nesopass.

82 562 196 629 fflnm
218 564 256 626 in
276 562 339 629 hoc
352 562 463 630 facere
477 572 645 649 putamus,
660 567 758 652 qnod.
769 568 945 652 legentium
964 570 1094 635 animos
1115 572 1160 637 ad

82 682 127 747 re
139 665 352 748 potissimum
375 664 442 729 duo
461 669 574 750 capita
586 670 621 732 in
634 669 902 753 interpretatione
915 676 1032 735 nostra
1044 671 1160 738 adam

82 783 120 831 re
130 764 317 837 studemus.
360 765 567 850 Expectatur
580 772 692 854 itaque
703 790 726 836 a
737 771 848 850 nobis,
859 778 898 836 ut
910 771 1011 837 inlris
1026 790 1160 858 qnoque

82 865 291 933 nierimibus
304 886 366 931 sex
385 867 478 931 libris
501 869 537 932 in
558 869 675 934 iisdem
699 872 797 936 rebus
820 871 1026 938 illustrandis
1039 874 1160 957 prasci-

82 984 154 1035 ιιι
175 967 325 1050 aliquam
350 988 486 1052 operam
509 972 731 1038 collocemus:
764 972 866 1058 idque
889 993 931 1038 eo
951 975 1069 1056 magis,
1091 994 1159 1059 qno

82 1066 166 1137 m
179 1065 375 1152 sedularum
395 1091 503 1155 gener,
519 1071 630 1138 ltalia
656 1074 886 1152 domesticum,
908 1093 1025 1158 pamm
1047 1094 1072 1139 a
1089 1075 1161 1160 ple·

82 1188 167 1254 rnna
180 1177 392 1255 perspectum
415 1180 449 1238 et
473 1195 549 1239 cum
575 1174 709 1240 Groeeis
730 1174 852 1259 mythis
874 1178 909 1240 in
932 1174 1061 1258 vulgari
1075 1178 1160 1243 anti·

82 1270 190 1339 naas
201 1270 352 1339 doctrina
366 1273 552 1355 confusum,
566 1277 600 1340 in
612 1277 655 1341 iis
670 1282 841 1343 tractatu.
886 1276 941 1342 Ne
954 1296 1035 1343 vcro
1051 1277 1160 1362 legen·

82 1392 135 1441 n
145 1374 276 1439 ammes
287 1376 469 1460 oculosque
480 1376 694 1442 dismeamus
708 1397 750 1442 ac
764 1377 1010 1461 distringamus,
1025 1380 1158 1464 rejectis

82 1474 267 1543 i-librornm
282 1478 409 1542 calcem
423 1477 703 1562 disputationibus
732 1480 979 1562 expatiabimur
992 1478 1159 1544 interdum

100 1577 483 1643 nonnullaexcutiemus
497 1582 694 1646 accuratius.
750 1580 890 1645 Facient
908 1578 983 1645 hese
1008 1581 1086 1663 ipsa
1107 1579 1158 1644 di-

82 1676 215 1745 riieula
235 1678 278 1741 ad
297 1679 512 1744 recreandum
527 1682 672 1745 animum
686 1700 731 1745 ex
745 1677 985 1745 commentandi
1003 1686 1037 1746 et
1053 1679 1158 1746 varim

82 1777 206 1843 cticnis
217 1778 388 1846 moundae
402 1781 517 1862 toedio,
539 1783 629 1866 quod
653 1781 787 1866 quidem
807 1800 1051 1866 nonnunquam,
1074 1801 1159 1866 quo

82 1876 151 1961 pdn
163 1879 423 1961 reprimeremus,
438 1882 498 1946 vix
512 1882 633 1947 habere
646 1882 852 1948 videbamur.
870 1924 873 1931 -

88 1974 214 2045 Caieta
240 1984 431 2046 memoriam
455 2002 525 2047 uon
551 1986 710 2068 praeteriit
736 1983 848 2068 poeta,
882 1985 1154 2068 quandoquidem

82 2086 133 2145 ler
159 2079 292 2146 fabulas
315 2088 446 2148 veteres
471 2084 514 2148 de
541 2085 658 2151 AEnere
685 2084 849 2150 erroribus
876 2103 918 2149 ea
945 2086 1153 2163 occurrebat,

82 2200 239 2268 neuque
258 2185 472 2266 promontorii
496 2190 675 2268 portumque
697 2189 732 2249 et
751 2184 843 2249 urbis
856 2185 893 2249 in
906 2184 995 2249 Latii
1009 2191 1043 2249 et
1056 2184 1156 2250 Cam-

82 2283 161 2349 miae
186 2283 308 2349 limbus
332 2286 376 2348 ab
400 2304 442 2348 ea
465 2284 600 2349 ductum
623 2285 725 2366 vulgo
750 2283 932 2349 serebatur:
970 2291 1006 2348 ut
1028 2291 1162 2351 taceam

82 2384 196 2451 atmiis
210 2383 302 2447 edem
317 2382 478 2469 Apollinis
492 2404 529 2447 oe
547 2381 661 2448 Caieta
677 2405 699 2449 a
712 2384 811 2449 Livio
832 2388 936 2463 xn,2
958 2404 1158 2452 commemo·

82 2492 170 2553 nm.
213 2485 292 2550 Vid.
305 2486 447 2570 Dionys.
465 2503 489 2564 1,
505 2486 559 2551 53.
603 2486 725 2551 Strabo
740 2503 791 2564 vi,
806 2506 841 2569 p.
854 2487 931 2552 330.
976 2487 1096 2553 Victor
1110 2488 1154 2554 0.

82 2635 93 2653 .
110 2585 159 2653 R„
175 2588 227 2652 lo.
270 2586 369 2652 Adde
392 2588 495 2653 Solin.
521 2590 553 2653 8.
598 2588 653 2653 Ex
670 2588 791 2672 quibus
804 2586 892 2652 locis
905 2607 1041 2672 quoque
1055 2589 1156 2654 disci·

82 2707 135 2765 ns,
147 2708 170 2752 a
184 2694 331 2752 cremata
341 2687 557 2771 Trojanerum
572 2691 681 2753 classe
695 2688 769 2773 (ixl
783 2694 833 2750 τοῦ
849 2686 955 2773 καίειν)
966 2691 1156 2770 nonnullos,

82 2809 223 2856 armam
245 2790 398 2873 inprimis
420 2795 455 2853 et
468 2789 711 2874 Sempronium,
737 2797 900 2874 nugantes
925 2811 989 2855 suo
1010 2811 1100 2856 more
1120 2794 1157 2856 in

82 2892 221 2957 minum
234 2892 427 2974 originibus,
442 2909 562 2955 nomen
576 2892 761 2975 repetiisse·
814 2890 868 2956 cf.
895 2891 939 2957 ad
964 2892 1021 2956 lib.
1037 2911 1060 2954 v
1086 2893 1157 2958 Ex·

82 3011 136 3059 us
153 3008 206 3069 v1,
220 2999 253 3057 et
266 2991 406 3055 Cerdam
421 2991 464 3055 ad
479 2992 538 3055 lib.
555 3009 622 3068 vu,
637 2993 671 3057 2.
715 2991 820 3055 Varie
834 3011 966 3074 quoque
981 2998 1156 3058 tractatam

82 3112 126 3158 se
140 3092 288 3156 fabulam
313 3112 357 3156 ex
381 3112 422 3157 eo
446 3098 594 3175 apparet,
610 3092 701 3175 quod
716 3091 774 3155 alii
789 3092 919 3169 AEueoe,
935 3092 992 3154 alii
1007 3091 1158 3171 Creusa·

82 3192 261 3273 iiAscarrii
282 3194 444 3258 nutricem
459 3193 608 3258 Caietam
630 3193 810 3257 ediderant
867 3192 1018 3258 Nutricis
1043 3198 1155 3258 autem

109 3302 230 3363 vetere·
247 3296 331 3373 vita,
355 3301 393 3361 ut
415 3295 595 3360 educandis
630 3296 741 3379 pueris
766 3294 937 3379 praecipua
964 3312 1078 3378 opera,
1107 3295 1157 3360 ita

82 3417 172 3483 agna
197 3403 269 3463 erat
295 3396 487 3474 reverentia,
514 3401 553 3461 nt
581 3397 742 3480 parentali
767 3417 808 3461 ea
836 3398 960 3480 pietate
985 3395 1156 3462 coleretur.

82 3520 121 3567 es
132 3500 289 3583 inprimis
301 3499 483 3581 intragicis
503 3500 617 3564 obvia.
663 3498 762 3575 Facit
780 3505 891 3563 autem
903 3499 1002 3561 etiam
1018 3497 1073 3561 hic
1083 3498 1157 3583 jus·

82 3620 157 3667 rmn
169 3601 290 3665 nutrici
303 3600 493 3684 persolutus
507 3601 611 3664 honos
625 3599 669 3664 ad
681 3601 800 3665 AEneae
814 3601 973 3684 pietatem
987 3598 1157 3664 declaran-

82 3723 138 3769 im.
184 3701 274 3768 Hoec
295 3709 330 3767 et
351 3703 477 3766 similia
498 3705 644 3785 cogitare
668 3703 766 3766 debet
789 3703 832 3779 is,
854 3702 908 3766 cui
932 3701 1006 3765 lraec
1030 3699 1172 3767 Caieta-

82 3805 245 3875 srnoratio
258 3805 356 3868 nimis
373 3804 499 3869 videtur
514 3824 587 3870 esse
600 3805 707 3869 tenuis
721 3811 755 3868 et
769 3805 868 3887 epioe
878 3803 997 3885 spiritu
1009 3801 1154 3884 indigna.
1169 3830 1172 3835 ·

82 3904 132 3971 ac
143 3909 257 3969 tamen
269 3923 384 3968 veram
401 3911 461 3982 at,
486 3911 564 3990 post
583 3905 722 3969 similem
736 3903 779 3968 de
800 3903 934 3967 Miseno
948 3909 982 3967 et
996 3901 1156 3967 Palinuro

82 4005 268 4073 miionetn
279 4007 461 4072 novitatem
474 4006 552 4072 linio
568 4004 697 4071 Caietae
712 4004 1012 4070 commemorationi
1028 4002 1156 4067 deesse.

82 4104 129 4172 lee
140 4106 206 4175 lroc
218 4127 285 4173 non
299 4107 444 4173 sensisse
453 4106 560 4173 videri
571 4111 683 4192 potest
696 4105 809 4192 podes,
823 4105 883 4190 qui
897 4104 1040 4170 similem
1052 4102 1169 4168 aliam.
