2664 4686
391 344 443 395 AD
458 341 638 403 ‚AENBIDOS
663 342 735 394 ΜΒ.
752 344 804 391 Vl.
1062 333 1150 399 W

40 494 119 561 51⁵.
163 487 360 564 Accedebat
380 507 503 575 specus
526 492 570 554 ab
597 488 731 556 Averno
754 508 815 574 per
836 492 955 557 collem
975 491 1150 575 demissus,

42 615 144 681 quem
168 594 230 679 qni
247 611 404 657 emensus
425 596 508 669 eret,
531 592 568 654 in
591 590 712 654 vellem
738 591 903 675 prodibat,
928 593 962 656 in
976 594 1151 676 quolenus

42 702 124 776 ent,
148 692 306 761 Acheron
327 693 435 757 dictus
445 694 476 774 ¹3
498 711 542 757 ex
555 690 618 755 hoc
633 692 695 755 iter
708 692 850 756 (lucebat
864 692 907 756 nd
924 690 1055 777 Campos
1071 691 1153 783 Ety-

33 798 115 879 eior,
129 797 393 864 nmoenissimum
406 795 528 872 locum,
542 793 704 878 sepulcris
718 795 845 877 possim
860 797 1033 862 consitum.

86 900 181 967 'l'ote
203 898 269 963 loci
292 898 400 963 iacies
421 918 507 962 nunc
533 897 669 982 quidem
690 916 789 981 quum
803 899 947 962 maxime
962 906 1014 966 est
1026 906 1154 967 mutata

45 1002 102 1083 (cf.
114 999 300 1067 Addison's
315 999 479 1063 Remorlrs
492 1021 527 1083 p.
543 1000 633 1079 167).
662 997 754 1063 Nem
766 999 992 1083 primumcum
1001 999 1155 1088 Agrippa

46 1100 182 1191 unitum
204 1102 332 1166 Julium
353 1099 481 1165 efficere
504 1101 613 1177 vellet,
638 1106 676 1165 ut
701 1098 871 1165 Avernum
894 1099 1038 1167 Lucrino
1063 1104 1155 1170 lacni

45 1206 211 1291 jungeret,
226 1204 355 1288 sylvam
368 1201 523 1267 excidere
540 1204 650 1288 jussit.
695 1203 748 1269 cf.
772 1204 883 1270 Strob.
911 1224 947 1285 v,
972 1228 1005 1291 p.
1028 1208 1094 1274 ms
1117 1224 1157 1273 u.

47 1304 136 1377 'lum
150 1324 237 1369 enno
251 1324 274 1368 n
288 1322 321 1368 c.
337 1321 374 1368 u.
392 1320 610 1368 uoxxxvru
625 1312 835 1386 motuterrae,
861 1308 971 1374 medio
990 1308 1060 1375 iere
1073 1312 1156 1378 inter

50 1406 232 1474 lucrinum
249 1412 284 1471 et
297 1406 468 1473 Avernum
482 1407 604 1490 spatio,
627 1410 737 1473 extitit
761 1430 856 1473 novur
880 1430 965 1473 moin
988 1411 1157 1493 cineritios,

50 1508 92 1575 de
102 1528 174 1595 quo
187 1528 222 1581 v.
237 1507 386 1592 Capecc.
416 1508 550 1574 Antich.
567 1509 601 1573 di
616 1508 784 1573 Pouzuolo
799 1529 831 1575 c.
845 1511 900 1575 20.
945 1510 1046 1590 Olim,
1061 1519 1098 1578 ut
1111 1532 1157 1580 ex

51 1610 215 1679 sumone
229 1613 437 1694 cognoscitur
450 1614 507 1679 lib.
525 1630 560 1691 v,
587 1635 623 1696 p.
638 1614 705 1678 244
719 1629 756 1689 A,
779 1631 840 1677 ore
854 1614 1017 1677 maritime
1036 1615 1085 1679 ite
1104 1615 1158 1681 his

51 1712 193 1779 lumbus
206 1720 276 1779 eret
287 1715 477 1798 intercepte,
501 1723 538 1780 ut
562 1714 730 1780 Misenum
753 1714 788 1776 in
815 1713 996 1797 peninsuloe
1018 1713 1158 1783 formem

52 1822 137 1881 met
151 1814 336 1880 reductum
380 1813 499 1880 Plures
525 1821 594 1881 tum
619 1835 767 1883 cavemae
790 1821 867 1879 sunt
889 1818 1055 1900 oppletae.;
1081 1806 1175 1883 oliec'
1305 1816 1315 1843 '

54 1916 193 1981 ulterius
207 1915 332 1995 ducite,
358 1918 442 1981 inter
463 1936 546 2000 ques
570 1917 776 1981 nobilissime
795 1936 816 1979 c
836 1915 993 1980 Cocceio.
1036 1914 1082 1981 V.
1097 1917 1160 1981 ibi-

55 2016 139 2085 ‹lem
184 2018 240 2085 cf.
271 2018 458 2084 Hemilton.
490 2017 612 2103 Campi
639 2018 805 2098 Phlegraei
829 2017 872 2081 T.
899 2034 925 2079 u
951 2019 997 2101 pl.
1023 2018 1079 2084 28.
1103 2018 1160 2095 29,

55 2118 206 2206 ideoque
219 2120 256 2184 in
269 2118 398 2185 Philos.
413 2118 588 2185 Transact.
610 2119 689 2184 Vol.
708 2134 787 2196 uxi,
807 2135 831 2196 1,
846 2138 881 2201 p.
897 2120 941 2183 15
954 2139 1029 2201 sqq.

465 2422 748 2437 m

362 2660 740 2739 EXCURSUS
781 2663 858 2737 lll.

100 2794 103 2799 ·
184 2834 320 2888 EADEM
335 2835 606 2886 TOPOGRAPHIA
623 2836 675 2886 Au
693 2836 849 2886 MENTEM
866 2835 1043 2888 Minonis,

98 2964 291 3031 Videamus
317 2982 405 3028 nunc
428 2966 575 3028 locorum
602 2967 712 3042 situm,
739 2966 846 3047 qualis
868 2964 1003 3047 epo'eta
1017 2966 1166 3047 proditus

62 3074 92 3133 ct
102 3068 276 3133 exhibitus
292 3070 355 3143 est,
370 3068 403 3130 in
418 3086 484 3149 quo
501 3067 542 3128 ab
559 3064 706 3148 Interpp.
717 3065 843 3147 possim
852 3064 962 3128 multae
974 3083 1169 3150 magnaeque

62 3168 165 3233 turbae
181 3166 274 3231 fiunt.

103 3268 199 3334 Infra
214 3266 351 3345 Cumas,
373 3268 434 3331 sub
450 3266 707 3350 promontorimn
722 3263 887 3328 Misenum
902 3264 1073 3350 appellunt
1086 3266 1172 3332 Tro-

61 3370 138 3454 jeni.
185 3368 238 3434 Eo
252 3371 339 3432 enim
354 3369 479 3432 ducunt
494 3369 616 3445 omnia,
631 3374 746 3431 utnon
761 3369 794 3432 in
808 3366 946 3445 Baiano,
967 3368 1055 3451 quod
1070 3370 1171 3452 vulgo

68 3470 221 3549 creditur,
259 3469 413 3553 quodque
450 3470 533 3533 olias
569 3475 735 3534 narratum
770 3490 815 3533 cx
859 3468 999 3535 Aurelio
1043 3471 1171 3538 Victor.

69 3568 168 3636 (1.6.
184 3568 230 3635 R.
246 3590 276 3633 c.
290 3570 313 3634 9
328 3569 526 3652 intelligitur,
550 3570 610 3634 sed
629 3569 661 3632 in
684 3567 823 3633 Cuniculo
838 3568 942 3634 littore
956 3571 1172 3653 Trojonorum

71 3670 185 3737 cussis
200 3673 380 3736 stationem
394 3670 555 3735 habuerit.
601 3672 676 3736 Nec
702 3674 794 3736 aliter
818 3673 960 3738 Ovidius
987 3672 1069 3740 Met.
1091 3689 1171 3751 xlv,

72 3768 130 3835 1⁰7
153 3790 208 3855 sq.
227 3769 339 3847 trudit,
365 3772 422 3834 ubi
437 3770 570 3854 Virgilii
584 3774 733 3855 vestigiis
749 3774 880 3838 insistit.
925 3774 1085 3841 Procedit
1098 3772 1173 3838 inde

78 3868 194 3936 heus
208 3870 252 3936 ad
268 3868 428 3955 Apollinis
442 3870 586 3956 templum
601 3880 635 3938 ct
651 3869 777 3958 Sibyllae
792 3884 928 3938 arritum.

570 4022 677 4074 NOTA.

111 4120 303 4177 'uoluentem
313 4127 603 4189 eliiemneseevclunt,
643 4128 677 4177 nd
698 4128 773 4179 Mare
795 4138 923 4183 mortuum
946 4143 1039 4179 nomen
1065 4127 1174 4180 transfe-

90 4196 124 4257 111Ι
140 4212 202 4254 nnnc
220 4202 290 4255 laco
309 4203 337 4253 dl
352 4205 450 4256 Futuro
465 4213 513 4255 eet.
548 4204 603 4254 Alii
644 4210 713 4254 runt.
