2664 4686
108 310 196 376 4324
529 320 728 371 excussus
751 320 793 369 11.

108 469 230 534 lautem
243 465 327 530 iuter
340 463 506 548 Lycaonis
519 464 608 530 tilios
621 462 771 530 ediderat
785 462 970 543 Hesiodus,
992 464 1092 548 opud
1106 464 1205 549 Steyl.

111 570 194 654 Byz.
211 569 246 631 in
260 564 432 629 natium.
476 564 571 630 Alias
585 566 812 650 etymologias,
826 565 931 630 mullo
943 563 1065 629 minus
1078 565 1207 649 proluu-

109 670 184 746 das‚
203 671 304 733 babet
326 668 436 733 Varro
451 668 496 741 1..
508 668 548 733 L.
572 684 623 746 ιν,
647 686 681 751 p.
697 667 751 732 16.
774 667 894 732 Durdt.
949 664 1063 731 Solin.
1088 685 1164 751 esp.
1180 666 1208 744 1,

108 772 268 856 pag.2n‚
283 772 339 835 ubi
363 768 431 834 vid.
446 769 587 832 Salmas.
606 786 685 852 pag.
699 768 754 831 lo.
807 766 928 831 Festus
951 767 991 829 iu
1014 785 1098 851 voc.
1121 763 1213 831 Pan-

107 872 198 936 tium.
242 871 333 936 Serv.
357 870 402 935 ad
425 869 504 934 AEu.
520 886 588 946 vn,
602 869 656 933 51.
699 866 733 931 Α
747 868 912 944 Palantia
929 865 1111 933 Arcadica
1130 869 1208 946 urbe,

108 993 230 1038 nomeu
242 973 360 1037 melius
370 972 507 1035 deduxit
521 971 660 1055 Dionys.
673 971 697 1035 l.
713 990 744 1034 c.
760 971 819 1054 qui
833 970 922 1033 idem
937 987 1020 1053 cap.
1033 969 1086 1034 32
1097 974 1209 1055 etymo-

55 1070 60 1078 ’
110 1077 235 1159 logiam
249 1075 360 1152 alium,
374 1074 433 1137 sed
453 1092 555 1155 quam
568 1074 643 1157 ipse
655 1072 836 1156 improbat,
851 1072 894 1135 ab
911 1070 1080 1136 Herculis
1101 1076 1136 1135 et
1155 1071 1209 1137 Is

109 1181 223 1256 vidie,
247 1177 393 1242 Evandri
406 1175 498 1251 filie,
513 1175 616 1258 prole,
640 1174 805 1252 Pallante,
818 1191 863 1237 ex
876 1172 1026 1255 Polybio
1045 1180 1208 1239 memmut

111 1279 179 1344 Sed
194 1281 284 1363 prior
297 1279 388 1342 sama
400 1296 479 1342 veru
490 1276 597 1357 magis
611 1281 840 1350 consentanee,
851 1275 953 1338 etiam
969 1271 1147 1340 Antonino
1156 1273 1209 1339 Pie

109 1382 269 1465 probata;
298 1397 442 1460 namque
461 1379 491 1441 is
513 1379 625 1440 urbem
646 1376 802 1440 Arcadiae
828 1375 1048 1440 Pallantium-
1066 1396 1115 1440 ex
1132 1394 1209 1460 pago

87 1564 89 1568 .
109 1481 198 1560 iecit,
212 1483 294 1548 etin
318 1480 453 1561 originis
475 1479 666 1543 memoriam
679 1478 861 1542 libertatem
876 1497 952 1540 cum
965 1477 1175 1542 immunitate
1190 1495 1209 1539 s

65 1660 68 1666 .
110 1583 243 1648 tributis
265 1583 390 1648 tribuit.
435 1580 580 1645 Pausau.
596 1580 748 1657 v111,43.
793 1578 940 1641 Habitus
950 1576 1017 1642 fuit
1032 1575 1208 1641 Evander·

111 1682 273 1749 Romanis
295 1685 378 1748 inter
400 1682 519 1746 bero'e‘s
534 1681 718 1765 Indigetes:
752 1679 825 1764 ejus
845 1698 938 1743 aram
960 1681 1028 1743 sub
1048 1678 1207 1745 Avmtino

111 1785 293 1866 Dionysius
318 1782 459 1858 viderat,
486 1783 565 1846 ibid.
589 1801 666 1866 cap.
686 1781 741 1845 32.
797 1780 904 1844 Paulo
926 1781 1042 1860 notior*
1059 1786 1116 1846 est
1138 1777 1209 1845 Car·

110 1893 217 1947 mente
230 1902 301 1960 ara,
317 1903 392 1966 quse
407 1884 470 1946 sub
489 1881 657 1964 Capitolio
676 1882 740 1946 fuit
758 1881 859 1966 juxta
880 1885 1012 1965 portam
1027 1879 1209 1948 Carmente·

27 2062 28 2066 ,
109 1984 195 2049 lem:
224 1983 299 2048 vid.
313 1983 456 2067 Dionys.
469 1982 551 2048 ibid.
576 1982 682 2047 Soliu.
696 1984 730 2047 l.
787 1979 1013 2066 Lupercalium
1036 1980 1153 2067 religio
1171 1982 1208 2049 ad

111 2084 258 2152 Arcades
283 2086 345 2150 hus
368 2104 443 2149 cum
466 2084 623 2150 Euandro
638 2084 825 2149 Palantium
839 2083 1023 2150 insidentes
1045 2087 1149 2169 vulgo
1166 2103 1211 2151 re·

111 2187 186 2252 serui
199 2189 301 2252 solita
314 2187 396 2268 11111;
418 2188 486 2252 alia
501 2206 599 2251 saera
612 2193 645 2251 et
660 2187 810 2250 instituta
824 2200 935 2267 graeua
947 2186 993 2250 ab
1005 2187 1128 2252 eodem
1139 2204 1209 2341 ynu-

110 2291 198 2353 fucta
211 2289 329 2352 recitat
343 2288 481 2373 Dionys.
499 2305 524 2364 1,
537 2286 592 2352 33.

157 2390 209 2452 De
231 2397 364 2472 tempore
378 2410 534 2453 accessus
549 2388 697 2452 Evandri
710 2387 755 2451 ad
766 2386 899 2452 Italiam
913 2388 999 2452 sotis
1014 2390 1102 2454 inter
1112 2392 1209 2475 solip·

112 2495 200 2554 tures
221 2491 384 2566 convenit,
406 2491 530 2554 faunum
545 2509 619 2553 eum
633 2509 706 2552 esse
729 2505 780 2552 nx
807 2508 922 2568 anuos,
944 2488 1100 2574 adeoque
1116 2493 1210 2557 sitm

111 2597 223 2668 aetate,
248 2596 322 2653 ante
348 2589 485 2672 Trojam
511 2597 656 2672 captam,
681 2589 744 2653 snb
770 2588 887 2653 Fauno
914 2590 1112 2656 latinorum
1132 2610 1209 2676 rege

112 2690 278 2754 Omaruut
288 2690 437 2753 fabulam
451 2689 492 2753 de
507 2689 662 2754 Evandro
677 2692 805 2774 egregie
827 2690 939 2774 poetae
952 2713 962 2771 3
995 2699 1121 2776 praeter
1140 2690 1209 2760 vn·

111 2791 224 2872 gilium
239 2787 339 2852 Ovid.
353 2787 447 2852 llast.
463 2807 488 2865 1,
503 2790 569 2853 469
583 2809 689 2873 seqq„
704 2791 824 2855 faciem
843 2795 952 2861 autem
966 2794 1208 2884 locorumque

112 2888 264 2954 Evander
277 2890 392 2967 tenuit,
409 2889 557 2971 Propert.
580 2907 630 2967 1v,
656 2891 749 2972 Eleg.
764 2892 797 2969 1,
824 2912 900 2974 quae
915 2912 984 2965 uua
995 2914 1042 2958 ex
1055 2896 1208 2960 nobiliss·

112 2993 175 3057 mis
188 2998 257 3058 est:
281 3011 357 3057 cum
372 3010 439 3074 qua
452 2990 673 3074 comparanda
685 3001 736 3056 est
749 2992 875 3057 Tibulli
889 2994 949 3059 lib.
968 3012 995 3058 11
1009 2995 1105 3081 Eleg.
1115 3000 1148 3065 d

516 3288 803 3304 tan-ffl-

420 3508 799 3589 nxuunsus
850 3476 924 3588 11.

258 3735 309 3784 uu
326 3734 462 3785 11111111
480 3735 607 3786 numu
624 3734 772 3785 1ncou1s
788 3735 832 3785 11
850 3716 1074 3787 nbuiinmns.

158 3896 240 3958 vui,
255 3880 428 3946 314-329
450 3888 459 3915 ‘
476 3883 565 3947 Haec
577 3860 711 3944 nemora
726 3883 891 3964 indigenae
908 3881 1018 3946 Fauni
1034 3880 1195 3967 Nympha

113 4001 177 4063 que
197 3981 525 4046 tenebant—Primus
550 3984 592 4046 ab
615 3980 748 4045 aetherio
772 3986 861 4047 venit
884 3983 1046 4048 Satnmus
1060 3982 1193 4068 olympo,

114 4079 219 4147 Arma
241 4083 264 4148 J
265 4084 338 4148 ovis
362 4081 500 4166 lugiens,
513 4092 547 4150 et
560 4082 668 4164 regnis
680 4083 762 4147 exul
777 4084 930 4150 ademtis.
984 4084 1022 4150 Is
1045 4100 1145 4167 genus
1158 4078 1195 4144 ‘n-
