2664 4686
451 327 502 390 AD
526 324 699 393 muninus
732 324 806 374 ΜΒ.
831 323 885 373 Xl.
1130 311 1219 379 4371

110 473 243 551 Primo,
264 473 369 536 nune
389 471 479 536 idem
493 469 630 558 chlamys
643 471 798 560 unaque,
813 495 857 540 an
870 476 938 540 sint
951 473 1102 538 diversa:
1125 475 1155 538 si
1167 475 1218 542 di·

106 580 314 652 rersasunt,
328 572 412 642 rinus
426 578 502 638 srmt
513 574 627 656 pallae,
649 576 704 639 cui
729 575 942 660 superinduta
966 574 1116 658 chlamys
1135 577 1219 660 fnit3

110 677 281 747 nuncium
294 677 428 761 proprie
451 676 488 739 in
508 676 601 758 palla
622 677 733 742 dictus
755 683 817 756 est,
841 685 875 744 et
895 676 993 740 nodas
1014 697 1090 742 esse
1111 685 1221 762 potest

112 780 295 863 cingulum,
312 799 370 843 seu
389 779 520 843 balteus
536 799 668 857 aureus,
683 799 751 863 quo
765 783 857 864 palla
868 781 1095 862 colligebatur,
1109 783 1221 865 utilia

113 882 276 960 ambiret3
299 884 348 946 nti
362 903 465 965 supra
478 882 601 946 dictum
615 884 733 966 accepi
746 884 868 948 nodum
880 904 888 947 ε
915 901 940 960 1,
953 884 1021 948 Μ
1042 888 1053 916 ‘
1067 883 1221 969 nodoque

112 985 213 1049 rinus
224 985 368 1049 collecta
382 985 515 1047 fluentes
526 985 545 1048 :'
573 987 632 1048 ubi
654 1007 688 1051 v.
715 984 853 1050 Natam.
879 985 964 1049 idem
985 985 1074 1068 quod
1091 1003 1141 1063 rv,
1157 987 1223 1053 lu

114 1091 242 1150 ‘aurea
253 1105 449 1169 purpuream
463 1088 630 1152 subnectit
642 1087 747 1152 fibula
758 1095 882 1151 vestem
894 1087 914 1151 :’
935 1089 1037 1153 etiam
1052 1089 1086 1151 in
1100 1090 1222 1155 balteo.

112 1188 242 1271 Sicque
263 1187 392 1251 Statius
414 1188 521 1252 Theb.
548 1207 599 1266 rv,
624 1190 691 1254 266
713 1189 979 1272 ‘undantemque
1000 1192 1106 1255 sinum
1127 1192 1223 1257 nodis

115 1293 242 1372 irrugat
255 1289 363 1353 Iberis
375 1289 394 1353 ε’
427 1296 554 1354 vestem
568 1293 695 1372 colligit
708 1298 742 1356 et
761 1293 911 1372 astringit
923 1293 1033 1356 balteo
1046 1312 1223 1376 purpureo.

116 1391 293 1456 claudian.
309 1392 344 1454 in
360 1391 461 1455 Prob.
477 1399 511 1457 et
525 1392 626 1478 Olyh.
643 1392 723 1458 Coe.
740 1412 765 1472 1,
780 1394 824 1459 89
846 1398 856 1427 ‘
871 1394 987 1471 nodus,
1002 1397 1059 1477 qni
1069 1396 1223 1461 sublevat

114 1512 241 1570 easenr,
257 1492 381 1556 Album
395 1493 536 1575 puniceo
550 1501 666 1578 pectus
679 1494 886 1560 discriminat
897 1493 1007 1558 ostro:

160 1593 242 1658 Jam
256 1601 368 1659 autem
382 1594 415 1657 h.
426 1595 449 1658 l.
460 1595 610 1676 legimus,
625 1593 800 1665 Arruntem
814 1595 1104 1679 ‘chlamydemque
1119 1598 1225 1661 sinus-
1316 1637 1320 1645 ι

115 1693 233 1780 qn‘ein
246 1695 369 1759 nodum
382 1696 557 1778 collegisse
567 1696 587 1774 3'
620 1696 770 1780 adeoque
794 1697 922 1779 utrique
947 1695 1035 1760 idem
1058 1699 1223 1776 tribuitur,

114 1805 155 1863 ut
168 1794 306 1880 chlamys
320 1815 385 1860 non
399 1799 508 1861 minus
524 1817 623 1881 quam
639 1799 728 1881 palla
745 1796 844 1860 balteo
863 1797 960 1862 fuerit
973 1798 1118 1863 astricta.
1161 1798 1224 1866 At-

111 1901 179 1984 qui
193 1896 329 1983 cltlamyr
345 1919 404 1958 rrorr
420 1895 521 1961 balteo
537 1900 780 1980 constringitur,
803 1899 863 1963 sed
874 1895 1005 1982 fibula:
1036 1900 1071 1963 id
1093 1902 1183 1985 quod
1205 1923 1226 1967 c

116 2000 339 2065 marmoribus
363 2006 396 2062 et
418 1999 592 2082 poetarum
614 2002 700 2065 locis
721 2002 806 2064 satis
830 2007 971 2065 constat.
1026 2000 1152 2066 Notum
1175 2009 1227 2068 est

117 2102 232 2168 velex
248 2100 332 2164 Cod.
350 2117 406 2178 xr,
423 2103 513 2180 ll,l
537 2101 692 2166 ‘Fihalis
704 2121 838 2186 ,qnoque
860 2102 895 2164 in
920 2101 1151 2184 chlamydibus
1172 2103 1226 2166 his

117 2208 262 2279 utantur,
276 2222 352 2285 quae
368 2205 441 2267 eolo
457 2195 539 2268 auro
565 2209 598 2268 et
613 2210 688 2268 >arte
713 2204 869 2287 pretiosae
885 2201 981 2265 sunt?
1025 2201 1143 2266 Restat
1164 2204 1225 2268 ita·

117 2322 199 2388 qne,
213 2310 250 2368 nt
264 2304 306 2367 de
318 2301 382 2365 rulo
399 2302 558 2389 chlamyde
569 2303 703 2388 uolam
713 2323 808 2384 agere
822 2309 857 2367 ct
869 2302 1034 2386 chlamydi
1049 2303 1228 2388 improprie

119 2404 205 2468 rium
220 2405 318 2470 tribui
332 2404 496 2482 dicamus,
511 2411 545 2470 et
557 2406 620 2468 hos
639 2406 732 2468 sinus
747 2404 788 2467 de
803 2404 966 2487 plicarum
979 2404 1119 2468 sinubus
1134 2407 1227 2470 acci-
1315 2438 1320 2442 ·

120 2507 275 2590 piamus3
306 2506 464 2571 hactenus
477 2507 565 2570 enim
579 2506 729 2588 chlamys
750 2506 835 2568 bene
858 2503 995 2567 sinuosa
1017 2504 1085 2568 dici
1107 2512 1227 2588 potest.

122 2607 330 2672 Manendum
345 2608 460 2690 itaque
475 2610 510 2672 in
523 2629 576 2685 eo,
596 2607 685 2691 quod
700 2608 735 2671 in
748 2612 827 2672 nota
842 2607 963 2688 posui:
996 2607 1227 2692 ‘chlamydem

118 2729 141 2773 e
158 2710 248 2774 teum
260 2709 371 2787 linteo,
387 2729 506 2773 croceo
518 2710 638 2787 colore,
650 2710 891 2774 constrinxerat
902 2706 1028 2772 Arruns
1043 2709 1077 2775 in
1089 2711 1228 2775 humero

117 2810 228 2874 -tihula
240 2809 361 2873 aurea!

168 2911 345 2975 Hactenus
358 2930 403 2974 ex
419 2911 528 2974 verbis
547 2916 599 2974 est
619 2911 834 2993 disputatum.
888 2908 994 2993 Atqui
1018 2932 1095 2976 cum
1115 2914 1228 2978 verbis

123 3011 332 3096 exploranda
355 3014 426 3074 erat
452 3012 528 3093 ipsa
554 3030 618 3074 res.
678 3011 861 3074 Versamur
890 3012 1020 3075 scil-icet
1049 3013 1082 3073 iu
1112 3012 1230 3078 amicta

126 3110 272 3197 Phrygio
283 3134 294 3186 ,·
324 3119 426 3194 atque
445 3110 500 3175 hic
527 3117 596 3175 erat
617 3111 722 3194 primo
735 3112 812 3175 loco
828 3112 1059 3175 consulendus.
1104 3112 1231 3179 Extant

124 3222 237 3281 autem
257 3215 330 3299 ejus
344 3214 501 3295 exempla
522 3215 556 3277 in
581 3215 702 3297 priscae
718 3209 799 3277 artis
813 3213 979 3296 operibus.
1030 3212 1158 3295 Nobile
1179 3222 1230 3281 cst

126 3319 269 3400 signnm,
284 3316 364 3379 olim
377 3315 410 3377 in
426 3314 727 3399 Palatio-Altemps
748 3321 924 3391 servatum,
950 3323 1070 3397 postea
1093 3317 1128 3380 iu
1154 3316 1231 3381 Mu-

122 3441 221 3486 seum
236 3418 554 3485 Pio-Clementinum
568 3419 758 3484 nanslatum
783 3417 896 3502 (Tum.
914 3435 956 3496 11,
980 3424 1004 3483 t.
1018 3420 1074 3483 37.
1089 3426 1123 3484 et
1136 3426 1232 3485 antea

125 3525 162 3589 in
177 3523 344 3588 Raocolta
366 3527 391 3586 t.
416 3526 554 3599 cxxiv)
579 3519 669 3604 quod
684 3523 783 3604 vulgo
799 3521 933 3590 Paridis
947 3523 1090 3585 sedentis
1104 3522 1230 3587 editur:

127 3626 258 3711 potiore
271 3625 388 3688 saltem
396 3624 471 3707 jure
483 3644 587 3707 quam
598 3629 647 3688 tot
659 3624 858 3688 aliauudum
873 3622 1027 3687 Paridem
1042 3643 1117 3686 cum
1132 3643 1232 3706 pomo

126 3729 164 3792 in
178 3746 279 3791 manu
292 3725 410 3788 reterre
424 3725 561 3790 credita.
617 3722 666 3788 Ut
687 3724 826 3786 braccas
849 3730 883 3787 et
907 3723 1029 3804 pileum
1056 3721 1234 3806 Phrygium

126 3829 293 3905 omittam,
308 3825 438 3890 indutus
462 3827 518 3890 ille
537 3831 589 3890 est
607 3825 722 3888 tunica
735 3824 872 3908 duplici,
888 3824 1042 3887 interiore
1056 3824 1234 3902 manicata,

128 3930 238 3994 altera
250 3930 412 3992 exteriore
425 3929 457 3992 ei
471 3929 601 4013 injecta,
616 3933 651 3991 et
673 3927 784 3991 balteo
807 3944 911 4010 supra
934 3926 1061 3989 femora
1079 3925 1235 4006 astricta;

129 4028 368 4114 superinducta
381 4029 414 4093 ei
428 4028 602 4112 chlamyde
616 4026 731 4111 ampla
739 4046 765 4090 a
779 4032 871 4108 tergo
885 4026 1067 4104 defluente;
1095 4032 1235 4107 apparet

123 4131 168 4196 in
180 4131 317 4197 hunam
331 4131 451 4197 dextro
465 4129 579 4210 ribrrla,
605 4148 673 4216 qna
696 4127 901 4214 chlamydem
923 4132 1080 4210 unquam
1101 4125 1235 4197 vinculo
