2664 4686
412 383 462 429 an
485 381 797 437 subaureos-nra.
821 384 846 432 1.
1089 367 1178 435 8977

92 520 178 589 {sesi
200 524 243 586 in
260 523 313 589 bis
335 525 596 609 interpretandis,
621 533 656 591 et
679 548 732 592 me
755 530 791 591 in
819 529 863 592 iis
887 527 1012 593 baerere
1037 529 1178 611 ingenuo

92 644 150 689 aun
164 624 349 709 professus.
394 627 553 711 Spectare
567 632 655 694 enim
670 630 715 694 ad
734 631 812 694 boni
826 631 1058 712 interpretis-et
1071 632 1180 697 critici

92 724 199 803 uicta,
210 745 340 805 censeo,
352 747 393 792 ea
406 729 493 807 loca,
505 750 580 813 quae
593 750 660 795 uon
673 733 756 796 sab's
770 734 965 814 assequitur,
978 751 1043 796 non
1056 734 1182 799 intacta

92 826 275 909 relinquere,
292 829 431 913 aliisque
451 830 600 894 fraudem
623 831 744 908 facere,
760 833 857 914 quusi
878 825 993 896 sensus
1013 851 1073 917 per
1086 853 1124 897 se
1138 835 1184 898 sit

92 931 164 993 atis
179 938 325 1013 apertus,
342 932 400 996 sed
415 933 569 999 lectorem
584 934 624 996 de
640 934 682 996 iis
697 933 884 1015 diligentius
898 935 1009 1011 etiam,
1024 954 1125 1018 quam
1139 936 1182 1001 de

92 1032 170 1109 diis,
184 1052 328 1097 monere.
369 1033 538 1117 *inspectis
562 1035 636 1099 aliis
656 1036 894 1117 interpretibus,
907 1055 970 1099 uec
985 1036 1076 1101 aliud
1089 1036 1181 1120 qrrid,

92 1151 182 1215 guam
204 1135 296 1217 quod
319 1136 394 1218 ipse
413 1141 591 1213 tenueram,
604 1135 723 1213 afferri,
739 1135 947 1201 difficultates
960 1143 1070 1201 autem
1083 1139 1183 1203 inter·

92 1224 275 1314 sretabonis
297 1236 418 1300 multos
431 1256 482 1299 nc
504 1239 649 1302 sensisse
673 1238 806 1320 quidem
820 1238 899 1303 vidi.
944 1239 1184 1305 Senseratoam

92 1342 165 1407 brte
179 1341 220 1407 is'
233 1346 291 1428 qui
314 1345 404 1429 apud
426 1346 570 1412 Gellium
587 1366 653 1426 vu,
669 1349 712 1413 17
726 1348 768 1410 de
780 1350 913 1411 notione
927 1349 1021 1412 vocis
1036 1346 1184 1410 ebriosior

92 1463 113 1507 ι.
128 1443 152 1509 1.
169 1450 351 1528 quaerebat.
404 1449 541 1514 Scilicet
554 1452 703 1528 sumitur,
718 1451 808 1533 quod
822 1451 930 1533 primo
944 1451 1055 1515 statim
1068 1469 1185 1534 aspec-

92 1564 115 1607 n
129 1549 286 1626 occurrit,
307 1549 422 1615 iudea
443 1551 509 1615 395
523 1551 690 1634 praesagia
703 1551 889 1615 serenitatis
900 1552 1086 1614 memorari.
1125 1550 1187 1615 rit·

92 1647 140 1728 gui
165 1666 218 1725 ea,
248 1670 323 1732 quoe
352 1657 582 1728 memorantur,
611 1666 678 1715 non
706 1652 904 1716 conveniunt
928 1651 1005 1715 huic
1026 1652 1185 1733 consili03

92 1764 185 1810 mmo
198 1768 279 1813 vero
292 1758 487 1835 repugnant.
533 1752 657 1817 Sensus
670 1755 758 1817 enim
770 1772 840 1816 uss.
855 1753 1029 1817 sos-roo
1042 1752 1097 1816 bic
1106 1768 1187 1817 'eme

92 1846 290 1914 rerbibetur:
313 1853 478 1916 stellarum
492 1859 525 1917 et
549 1854 636 1918 lunae
658 1856 749 1919 clara
771 1874 813 1918 ao
832 1874 918 1938 pura
929 1856 989 1918 lux
1000 1860 1069 1918 est:
1090 1854 1186 1938 (quoe

92 1964 196 2010 amen
209 1936 371 2015 sententia
391 1956 604 2035 grammatice
617 1975 662 2019 ex
676 1957 787 2019 verbis
806 1957 876 2019 erui
889 1957 1012 2038 nequit,
1027 1957 1188 2020 utstatim

92 2046 306 2135 ridebimus):
323 2074 384 2114 nou
398 2055 571 2120 nubeculae
584 2055 673 2120 lanis
688 2058 812 2121 similos
834 2077 893 2140 per
911 2057 1036 2121 coeium
1047 2057 1190 2119 teruntur

92 2146 194 2233 [arqui
208 2152 260 2216 bre
276 2154 393 2217 adesse
406 2154 571 2233 deberent,
581 2158 706 2239 quippe
717 2177 792 2239 quus
806 2163 884 2220 sunt
895 2158 1001 2221 sereni
1014 2157 1093 2220 coeli
1105 2174 1189 2218 uun-

92 2247 159 2332 tii):
184 2273 245 2314 noa
260 2254 438 2338 bulcyones
452 2257 525 2320 alas
545 2256 588 2321 ad
612 2258 726 2322 Solem
739 2257 931 2339 expendunt
944 2256 1066 2339 (utqui,
1081 2255 1112 2317 si
1125 2253 1190 2319 boc

92 2350 174 2416 iuter
185 2357 352 2438 praesagia
364 2359 549 2421 serenitatis
563 2363 627 2434 est,
642 2358 715 2421 alas
729 2356 892 2421 debebant
903 2354 1101 2439 expandere,
1113 2372 1190 2420 cum

92 2454 166 2519 coeii
176 2458 334 2522 monins
344 2457 474 2543 instet):
491 2480 552 2522 reon
564 2479 641 2524 suns
650 2461 782 2544 jactant
793 2458 922 2541 frugum
933 2459 1122 2541 manipulos
1129 2455 1191 2541 (au

92 2572 167 2618 vcro
191 2577 252 2639 per
273 2578 369 2622 omne
395 2569 526 2643 tempus
551 2562 701 2643 pluvium
725 2561 760 2625 id
782 2562 910 2625 sacirmt
933 2579 1022 2638 sues,
1041 2577 1104 2622 nec
1124 2558 1190 2621 nisi

92 2675 205 2722 sereno
230 2660 316 2724 coelo
339 2662 403 2726 boc
426 2662 535 2726 facere
555 2661 745 2748 omittunti)
788 2663 877 2727 Haec
898 2667 965 2725 tam
977 2680 1094 2744 parum
1109 2660 1192 2722 inter

92 2780 125 2824 se
142 2765 351 2841 conveniunt,
367 2772 404 2829 ut
426 2767 485 2829 vix
509 2768 711 2847 assequaris,
727 2763 896 2848 quomodo
912 2762 1016 2847 potita
1030 2768 1098 2826 tam
1112 2780 1192 2824 acu·

92 2869 143 2926 rus
152 2866 347 2948 jungere-ea
360 2869 443 2931 inter
460 2888 496 2931 se
514 2868 667 2949 potuerit.
713 2868 766 2930 De
781 2867 1015 2950 posterioribus
1027 2861 1109 2927 nihil
1121 2862 1192 2927 vidi

93 2966 266 3045 monitum3
289 2967 385 3031 baesit
410 2967 593 3049 disputatio
615 2968 795 3041 tantumin
807 2967 987 3049 prioribus,
1011 2963 1123 3027 ‘Nam
1136 2982 1193 3025 ne-

94 3084 156 3147 que
171 3070 241 3128 tum
262 3068 366 3131 stellis
389 3069 479 3132 acies
503 3069 625 3130 obtusa
643 3066 799 3131 videtur?
822 3066 912 3149 quod
926 3072 1037 3149 potest
1048 3066 1133 3129 bene
1147 3063 1195 3126 ita

96 3167 222 3248 accipi:
245 3170 352 3232 aciem
375 3170 540 3234 stellarum
559 3189 646 3232 nunc
661 3187 728 3232 uon
742 3167 885 3250 amplius
898 3167 1001 3231 videri
1015 3185 1088 3231 esse
1101 3165 1195 3229 obtu-

98 3282 186 3347 sam3
208 3269 358 3354 adeoque
381 3290 456 3334 eam
482 3290 558 3333 esse
583 3272 718 3347 claram,
744 3275 778 3332 et
801 3268 913 3332 stellas
939 3268 1137 3348 enitescere'3
1159 3265 1195 3329 id

97 3368 186 3449 quod
208 3371 245 3434 tit
268 3370 427 3454 dispulsis
450 3373 594 3436 nubibus
617 3378 650 3436 et
667 3371 746 3436 coeli
768 3373 940 3435 serenitate
959 3369 1105 3434 reducta.
1148 3366 1195 3431 At

98 3470 183 3533 enim
198 3471 282 3535 aiter
295 3492 424 3537 versus:
441 3478 518 3536 ‘nec
532 3473 644 3537 fratris
656 3470 759 3539 radiis
773 3472 921 3535 obnoxia
935 3490 1064 3552 surgere
1079 3466 1196 3546 Luna}

98 3570 185 3634 nullo
208 3571 319 3648 modo,
335 3592 397 3637 nec
418 3567 640 3655 grammatice,
662 3592 724 3639 neo
744 3592 861 3638 sensus
877 3574 1020 3656 paritbte
1034 3572 1197 3635 convenit.

99 3670 247 3756 Antiqua
267 3673 424 3756 junctura
445 3676 564 3741 tradita
583 3681 634 3741 est
656 3696 679 3739 a
701 3675 829 3752 Servio,
845 3681 882 3738 ut
901 3681 1063 3759 repetatur
1076 3672 1197 3737 obturo.

99 3773 151 3841 Itu
164 3777 243 3839 erit:
268 3779 349 3840 ‘nec
365 3776 472 3855 Luna,
487 3778 597 3843 fratris
611 3777 715 3843 radiis
730 3775 899 3854 obnoxias
914 3798 990 3860 quoe
1003 3778 1112 3841 lucem
1125 3791 1199 3837 mu·

98 3884 206 3961 truatur
220 3895 242 3940 a
256 3877 338 3953 sole,
362 3879 513 3944 ‘videtur
526 3899 661 3962 surgere
683 3879 803 3943 obtusa
811 3876 831 3942 ι’
854 3884 968 3943 onuba
980 3897 1060 3943 uero
1073 3873 1200 3941 videtur

99 3980 175 4045 oriri
188 3979 294 4044 clara.
336 3978 455 4047 Recte.
498 3978 546 4045 At
561 3982 649 4045 cuim
663 3981 771 4063 primo
782 3977 905 4043 adorto
918 3981 985 4044 ulio
999 3975 1100 4040 modo
1113 3992 1200 4038 nuuc

99 4083 262 4167 recipior
284 4102 384 4166 quam
404 4085 572 4166 superiore
585 4102 694 4160 versu,
709 4083 769 4147 ubi
782 4088 852 4147 erat
869 4100 931 4165 pro
950 4076 1099 4154 cernitur,
1113 4096 1200 4141 nunc

98 4192 207 4252 antem
221 4192 274 4251 est
287 4185 370 4262 δοκεῖ,
393 4189 425 4249 et
446 4185 512 4249 alio
535 4184 633 4249 modo
655 4187 864 4259 construitis,
879 4199 956 4246 crnn
970 4178 1108 4246 infinito.
1160 4179 1201 4243 si
