2664 4686
466 299 518 349 so
540 299 712 351 nunrnos
737 301 809 359 urs,
832 304 873 353 ιι.
1120 291 1208 358 4100

104 443 156 509 8ἰο
173 447 247 506 erut
270 460 383 508 orsus:
412 441 477 519 Νὺξ
499 441 551 522 μὲν
576 442 619 519 ἔην
646 443 753 526 μέσση,
779 447 897 534 Murgi)
911 447 933 508 δ’
948 443 1080 511 trireme
1094 449 1207 530 σελήνη,

105 544 242 627 quando
264 544 369 609 Sinon
390 544 498 609 facem
522 545 666 623 sustulit,
690 549 780 631 apud
804 548 916 614 Schol.
941 548 1106 632 Lycopbr.
1128 553 1205 621 344.

106 642 253 710 Omnino
286 651 397 711 tamen
423 644 583 728 Virgilius
618 646 810 732 Euripidem
839 654 913 715 ante
945 652 1060 716 oeulos
1088 653 1209 736 babuit

104 744 231 813 'l'road
245 748 311 813 542
325 768 399 832 sqq.
441 745 541 813 Adde
555 750 689 814 eborum
703 749 857 818 Hecubae
872 752 938 817 914
952 772 1028 836 sqq.
1072 752 1152 819 Alia
1166 755 1208 823 de

103 840 170 912 bac
192 855 299 928 nocte,
322 849 428 934 deque
452 870 562 915 mense
584 843 621 917 et
643 873 728 917 anno
749 853 911 918 tradentur
930 854 990 918 inf.
1015 855 1059 919 ad
1080 856 1138 922 lib.
1162 875 1204 921 111

103 947 193 1015 Exc.
211 966 252 1014 11.
266 971 318 1033 pr.
364 949 485 1014 Facem
499 951 646 1016 diximus
667 973 688 1016 a
710 953 832 1017 Sinone
846 954 1020 1034 sublatam,
1043 976 1118 1039 quae
1134 961 1207 1039 vul·

101 1049 197 1131 geris
211 1057 264 1114 est
274 1051 439 1130 narratio;
467 1051 636 1132 legebatur
649 1053 707 1117 illa
720 1072 850 1137 quoque
871 1053 904 1117 in
919 1052 1047 1120 Arctini
1062 1055 1207 1123 Excidio

104 1146 175 1227 Ilii,
196 1158 271 1216 ute
293 1151 414 1217 Proelo
428 1152 582 1218 discitur:
604 1160 639 1219 at
663 1155 722 1220 ini.
746 1156 825 1221 AEn.
848 1174 899 1234 vr,
922 1158 988 1223 017
1011 1159 1055 1222 ab
1076 1159 1208 1227 Helena

104 1249 229 1315 fuctum
246 1258 406 1318 narratur.
451 1251 636 1338 conjunxit
666 1263 837 1340 utrumque
858 1257 1038 1344 Trppbiod.
1051 1259 1205 1346 dilsssqq.

102 1358 138 1417 et
149 1355 263 1437 potuit
275 1372 356 1417 sune
377 1354 514 1417 altemm
535 1360 612 1438 post
634 1357 768 1422 altemm
783 1358 864 1423 fieri.
906 1356 962 1423 Ab
977 1357 1144 1426 Antenore
1158 1362 1206 1427 sa·

97 1470 179 1523 cem
191 1454 360 1519 sublatam
370 1454 522 1520 etalrum
531 1458 608 1540 equi
623 1464 770 1542 apertam
784 1460 842 1525 alii
852 1459 1068 1528 tradiderant·
1092 1462 1205 1528 Schol.

101 1551 272 1639 Lycopbr.
287 1556 362 1621 340.
394 1553 442 1620 At
455 1557 590 1622 inboe
580 1561 748 1642 ipsoloco
765 1577 805 1638 11,
820 1562 896 1626 256.
912 1563 976 1627 257
990 1563 1098 1628 secem
1111 1565 1207 1629 navis

100 1654 318 1740 imperatoria
331 1655 585 1740 Agamemnonis
605 1660 762 1724 extulisse
781 1660 917 1728 dieibrr.
941 1662 1117 1728 ‘flammas
1129 1683 1205 1730 cum

100 1758 194 1841 regia
215 1762 339 1844 puppis
356 1758 560 1840 -Rxmleratf
590 1759 678 1844 quod
704 1760 831 1827 Seneca
845 1764 990 1847 sequitur
1004 1770 1039 1829 et
1060 1765 1205 1831 imitetur

100 1854 226 1941 Agum.
240 1861 318 1925 427.
332 1860 408 1926 428.
453 1859 521 1924 Sed
542 1860 607 1926 boc
622 1867 674 1926 est
693 1862 822 1946 signum
836 1882 902 1928 non
915 1864 1124 1948 proditionis,
1146 1865 1205 1931 scd

100 1960 326 2043 profectionis,
349 1963 450 2027 elussi
476 1964 519 2026 ab
542 1963 738 2047 imperatore
759 1960 884 2031 dabrm.
929 1965 1014 2031 Post
1026 1967 1100 2031 brec
1115 1968 1205 2031 vidc-

100 2081 209 2142 smus,
237 2065 367 2148 qualem
387 2066 610 2129 oecouomiam
632 2086 739 2131 rerum
761 2086 822 2149 per
844 2066 928 2131 banc
952 2073 1082 2132 noctem
1102 2067 1206 2151 potita

100 2165 331 2249 dispescuerit.
368 2165 451 2229 Nox
465 2185 530 2231 non
544 2172 615 2230 erat
626 2167 749 2243 illunis,
772 2173 832 2232 aut
843 2168 1036 2231 sublustris:
1060 2167 1119 2253 sed
1134 2167 1203 2252 ple·

99 2267 284 2331 niluninm:
311 2288 344 2332 v.
358 2274 427 2332 not.
442 2288 474 2332 v.
490 2267 566 2331 255.
610 2265 737 2331 Classis
759 2287 780 2327 a
804 2265 940 2328 Tenedo
962 2266 1067 2330 redux
1088 2266 1163 2332 face
1185 2290 1204 2332 e

100 2368 181 2431 nuri
195 2369 351 2451 pretoria
362 2367 494 2430 sublata
508 2365 551 2428 ad
566 2366 660 2430 littus
669 2364 849 2449 Trojanum
862 2366 1018 2449 appellit3
1040 2369 1147 2451 aperit
1161 2371 1204 2435 iis

100 2468 216 2550 portas
228 2467 345 2549 globus
358 2468 506 2542 heroum,
530 2465 588 2547 qui
613 2483 657 2528 ex
671 2463 768 2548 Equo
782 2465 989 2548 prodierant:
1018 2468 1202 2536 250-237.

102 2567 168 2635 Per
184 2589 337 2633 somnum
352 2568 479 2631 AEneas
494 2565 655 2630 Hectoris
668 2567 743 2631 viso
762 2575 920 2644 monetur,
935 2573 971 2631 ut
985 2567 1108 2650 fugiat:
1137 2572 1203 2639 238

102 2670 221 2737 -297,
245 2668 507 2753 Expergesactus
519 2667 611 2731 caede
625 2673 659 2732 ct
672 2667 824 2734 incendio
833 2670 943 2733 omnia
950 2669 1084 2735 misceri
1091 2671 1201 2752 videt;

100 2773 168 2836 exit
181 2772 294 2850 domo,
322 2777 442 2835 etcum
456 2789 557 2833 manu
576 2770 644 2832 alia
665 2768 881 2854 Trojanorum
904 2791 962 2855 per
985 2771 1130 2836 mediam
1150 2795 1201 2838 ur-

99 2872 174 2957 bem
188 2870 330 2936 insedit:
353 2872 428 2935 359.
459 2868 612 2934 Occurrit
626 2866 833 2951 Androgeos,
850 2892 916 2953 quo
931 2892 1007 2935 eum
1022 2873 1201 2937 comitibus

100 2994 190 3041 caeso
213 2974 348 3056 Trojani
374 2970 520 3036 Coroebo
545 2978 679 3034 auctore
703 2989 865 3034 caesorum
880 2989 972 3033 arma
985 2971 1141 3052 indurmt3
1167 2981 1201 3038 at
1272 3005 1275 3011 ·

98 3073 254 3159 ejusdem·
264 3071 399 3137 Coroebi
414 3071 593 3135 temeritate
608 3069 729 3153 proditi
745 3068 872 3133 cladem
882 3070 1059 3152 accipiunt.
1075 3072 1201 3138 AEneas

101 3195 177 3240 cum
192 3175 314 3259 paucis
335 3172 378 3237 ad
399 3172 567 3256 acropoiin
581 3173 746 3256 pervenit:
769 3171 845 3236 437.
890 3170 1060 3251 Pugnatur
1085 3172 1200 3253 ethic,

99 3277 158 3340 sed
172 3297 250 3342 cum
264 3276 482 3360 Trojanorum
496 3280 617 3355 strage.
662 3274 788 3337 AEneas
810 3278 920 3337 motus
943 3280 1082 3356 aspectu
1096 3275 1200 3339 ceedis

99 3376 238 3457 Priami,
267 3385 336 3442 turn
351 3398 372 3442 a
386 3376 517 3440 Venere
531 3378 684 3453 monitus,
707 3376 841 3440 domum
855 3394 950 3438 suam
963 3375 1097 3458 repetit:
1124 3377 1199 3442 559.

99 3480 284 3546 ass—632.
314 3479 483 3545 Anchisen
499 3485 636 3560 patrem,
651 3479 767 3563 primo
780 3478 1004 3555 reluctantem,
1028 3497 1110 3542 mox
1123 3500 1200 3562 pro·

99 3580 189 3665 digio
216 3583 388 3659 monitum,
418 3569 492 3643 cum
507 3579 647 3662 conjuge
670 3585 702 3643 et
724 3584 803 3643 nato
818 3578 970 3643 abducit:
1001 3579 1077 3644 720.
1121 3579 1200 3644 Jam

99 3682 213 3747 urbem
238 3700 391 3764 egressus
414 3678 600 3743 desiderata
622 3700 725 3744 uxore
746 3679 830 3745 redit
854 3680 888 3743 in
906 3680 1038 3747 urbem:
1069 3681 1113 3744 ab
1127 3682 1199 3767 ejus

101 3786 217 3849 umbra
230 3784 368 3848 meliora
378 3781 514 3847 edoctus
529 3781 573 3846 ad
586 3801 666 3847 suos
676 3781 771 3862 redit,
785 3788 819 3848 et
833 3783 895 3846 sub
907 3782 974 3847 diei
989 3787 1096 3847 ortum
1106 3774 1200 3861 (801)

102 3883 196 3967 ,idam
209 3886 289 3969 fuga
301 3885 393 3970 petit.
