2664 4686
108 300 197 368 4248
511 313 713 365 nxouasus
735 314 817 363 xiv.
841 348 848 361 .

110 461 199 524 ricus
212 461 370 542 abreptus
391 466 543 543 peragrat
565 458 688 523 coelum
701 455 880 532 adsidere,
901 455 1031 538 regiam
1046 455 1125 534 Dei,
1138 456 1206 522 'lar-
1258 500 1261 515 .

109 567 216 627 tarum
231 569 264 625 et
278 559 438 645 Elysium,
454 560 599 636 tandem,
611 560 670 623 ubi
685 558 729 623 ad
744 557 904 622 Fatorum
925 558 1093 639 palatium
1105 576 1207 641 pene

109 663 168 738 nit,
182 681 306 740 eorum,
315 663 373 744 qui
386 667 571 739 nascentur,
580 660 759 725 simulacra
767 665 802 722 et
812 655 915 721 εἴδωλα
930 659 1089 741 dispicit3
1112 660 1211 725 omnia

110 767 250 827 mactata
264 768 339 826 sunt
353 768 421 826 arte
436 763 520 826 satis
534 761 674 845 volgari,
690 766 725 825 et
737 759 883 842 argutius
899 760 1006 823 multo
1027 763 1211 844 repentem

109 862 337 927 Aurelianensi
347 863 471 946 puella;
492 862 557 925 nisi
572 861 664 944 quod
678 862 859 945 preclaros
873 862 970 925 loeus
984 863 1153 943 seqnitur,
1165 861 1211 925 uli

111 963 254 1029 Henrioi
278 965 502 1047 posteritatem
525 980 674 1026 enarrare
698 961 830 1026 ordiarr.
883 961 1017 1026 lnrenti
1043 964 1213 1026 novitatan

110 1071 148 1129 ut
169 1064 204 1127 in
227 1065 364 1147 reliquis
390 1066 544 1128 carminis
568 1064 718 1146 partibus
741 1063 790 1126 ita
811 1069 847 1126 et
868 1064 904 1126 in
927 1063 991 1125 han
1007 1061 1213 1126 desideresin

113 1164 330 1230 Columbiade
354 1165 588 1250 (Colombiade
610 1167 652 1228 de
680 1164 840 1228 Madame
864 1163 908 1228 dn
934 1165 1096 1246 Boooage
1121 1163 1214 1228 Chuni

113 1272 190 1344 lx).
218 1266 345 1346 ,Zamae
375 1268 487 1331 anima
510 1267 553 1330 ad
583 1265 782 1330 Columbum
805 1266 848 1328 de
875 1265 963 1330 ooelo
991 1265 1142 1348 delapsa
1163 1284 1214 1329 non

111 1367 213 1433 modo
226 1367 352 1432 futuros
376 1366 531 1432 columbi
557 1385 660 1430 casus
683 1365 742 1428 sed
767 1367 868 1430 totius
893 1365 1041 1449 Europae
1056 1366 1215 1431 satanin

110 1469 158 1532 ab
171 1473 361 1551 argumento
375 1469 484 1532 aliena
505 1468 657 1549 exponit.
700 1466 821 1530 Puella
834 1466 1092 1531 Aurelianensis
1105 1466 1214 1552 Capul»

112 1569 183 1633 lani
204 1589 272 1634 non
295 1571 404 1634 minus
427 1569 558 1632 laborat
580 1568 614 1630 in
637 1586 678 1630 eo
698 1567 849 1649 episodio
868 1568 959 1645 (Lib.
980 1564 1084 1652 viu),
1102 1570 1215 1652 quoin

113 1670 582 1754 antro-Murculphieremitae,
597 1669 780 1752 pervisum
804 1670 958 1751 precibus
980 1677 1014 1734 et
1034 1670 1215 1735 novendial

113 1789 212 1834 sacro
226 1770 450 1851 efflagitatum,
462 1770 550 1851 Regi
565 1766 688 1833 Carolo
701 1788 777 1832 cnm
792 1771 893 1835 sociis
907 1769 1019 1835 sutura
1033 1771 1108 1835 sata
1121 1771 1216 1854 angeli

114 1891 199 1936 voce
212 1876 412 1935 enarrantur.
450 1870 548 1934 Miris
562 1870 672 1934 modis
686 1869 849 1935 Veritatis
863 1890 922 1935 seu
937 1870 1103 1936 Fatomm
1117 1874 1217 1936 verius

113 1972 293 2057 Templum
320 1973 498 2056 descripsit
524 1973 687 2056 explosus
720 1992 742 2036 a
776 1974 948 2057 plerisque
973 1972 1079 2056 polita
1107 1972 1218 2038 Galus

31 2066 32 2070 ’
114 2075 324 2153 (Desmarets
354 2074 469 2141 Glovis
502 2073 611 2139 (lirant
633 2080 695 2152 iv).
739 2073 894 2140 clotildis
921 2094 944 2138 a
967 2074 1005 2138 S.
1024 2073 1168 2156 Virgine
1185 2092 1218 2138 eo

116 2177 260 2244 deducta
282 2179 317 2242 in
341 2176 541 2262 crystallini·
563 2175 746 2260 parietibus
768 2174 880 2241 sutura
903 2175 1026 2238 diserte
1050 2175 1136 2239 satis
1152 2193 1218 2256 cog·

114 2281 240 2345 noscit.
283 2278 523 2345 Necromantia
544 2279 593 2343 nti
616 2278 724 2340 bonus
750 2275 946 2340 Ronsardus
969 2275 1017 2351 (in
1041 2273 1220 2341 Franciade

115 2380 190 2445 Liv.
202 2379 259 2464 ιν)
272 2399 338 2444 non
350 2380 487 2462 refugit3
507 2385 540 2444 et
554 2379 597 2442 ad
612 2378 686 2442 Silii
695 2376 763 2441 fere
776 2378 963 2461 exemplum
978 2373 1132 2453 Alarico,
1147 2375 1218 2440 dum

115 2501 176 2565 per
189 2502 231 2546 ea
244 2483 320 2547 loca
333 2483 451 2565 copias
468 2482 572 2558 ducit,
589 2487 718 2544 antrum
733 2478 916 2543 Cumanum
930 2479 1082 2558 ingresso
1094 2476 1220 2561 Sibylla

114 2585 381 2668 inconspectum
402 2582 560 2664 prodiens
574 2582 685 2646 futura
697 2580 768 2645 fatu
789 2582 894 2664 aperit
906 2577 1038 2662 (Alaric
1059 2597 1105 2642 ou
1119 2577 1221 2643 Rome

116 2687 256 2750 rainone
271 2684 347 2747 Liv.
365 2687 418 2760 x).
823 2727 831 2741 .

160 2784 222 2848 Fst
250 2784 380 2859 Melita,
411 2801 542 2846 carmen
570 2784 713 2866 epicum,
739 2788 873 2849 anctore
900 2783 1002 2848 Gallo
1028 2783 1160 2862 (Privat
1185 2782 1222 2846 de

118 2885 333 2962 Fontanilles‚
358 2883 498 2962 Multhe,
522 2904 568 2949 ou
591 2884 828 2951 Plelo-Adam
850 2891 914 2949 etc.
937 2884 1020 2950 Par.
1043 2887 1159 2962 1749),
1172 2884 1223 2967 qui

118 2987 184 3052 sibi
199 2988 327 3072 egregio
340 2987 375 3051 in
389 3004 430 3050 eo
444 2985 569 3068 pluoet,
583 2987 673 3070 quod
687 2988 723 3049 in
738 2986 980 3051 Pandaemonio
993 2986 1110 3070 aliquo
1128 2985 1225 3068 Equi·

112 3097 188 3155 ,tum
203 3088 413 3152 Rhodiorum
426 3086 497 3150 fata
511 3106 533 3151 a
548 3086 674 3151 Satana
696 3089 896 3170 aperiuntur,
910 3088 968 3170 qni
981 3085 1225 3151 Insurladamum

117 3212 155 3256 se
164 3192 328 3263 arbitrum
342 3187 503 3252 motionis
516 3186 635 3251 habere
657 3189 796 3271 ignorat.
840 3186 1016 3253 Neminem
1031 3192 1145 3252 tamen
1157 3184 1225 3254 vidi

118 3294 202 3356 inter
227 3288 345 3353 Gallos
372 3288 504 3369 ingenio
525 3290 632 3370 magis
653 3288 853 3365 luxuriante,
879 3307 994 3370 quum,
1016 3306 1121 3370 quam
1143 3304 1225 3352 nuno

119 3389 383 3456 commemorabo
408 3387 470 3465 (Ie
495 3385 621 3480 Moino,
648 3389 686 3453 S.
711 3389 827 3466 Iouis,
852 3407 897 3452 ou
916 3389 952 3451 la
973 3387 1033 3451 Ste
1056 3387 1227 3458 Conronno

118 3492 335 3574 reconquise).
380 3487 483 3571 Apud
506 3488 594 3554 hunc
618 3494 726 3575 primo
740 3491 812 3569 (lib.
837 3496 890 3569 iv)
906 3490 1150 3555 Necromantes
1171 3489 1227 3554 AE·

119 3594 253 3678 gyptius
278 3591 396 3657 Manes
410 3601 541 3671 evocat,
559 3600 597 3659 ut
620 3594 759 3659 Sullano
782 3593 967 3677 praedicant
986 3590 1068 3655 belli
1080 3591 1225 3668 exitnm3

119 3694 210 3781 qood
224 3714 305 3759 vero
319 3695 410 3759 ineo
422 3697 569 3760 novitate
592 3713 656 3758 sua
676 3695 800 3779 placet,
820 3698 883 3771 est,
896 3691 988 3777 quod
1006 3692 1102 3755 oiroa
1123 3691 1225 3755 Mern-

119 3797 213 3882 phim
240 3795 284 3859 ad
313 3795 510 3880 Pyramides
540 3803 574 3861 et
598 3796 683 3860 iuter
709 3794 840 3877 Regum
865 3793 1021 3878 sepulcra
1044 3794 1112 3856 ista
1135 3808 1227 3857 sama

119 3905 295 3983 parantum
318 3903 387 3962 tum
402 3898 474 3975 (lib.
499 3897 637 3978 v111)S.
652 3895 829 3960 liudovico
847 3897 957 3961 visum
978 3893 1150 3977 objicitur,
1166 3910 1228 3976 qno

120 4003 155 4066 in
169 4003 292 4069 ooelum
316 4000 475 4083 abreptus
498 4000 694 4065 munitiones
708 3999 880 4076 coelestes‚,
896 4016 962 4062 non
979 3995 1067 4060 malo
1081 3995 1227 4061 versibus

121 4103 248 4185 aliquot
272 4102 471 4188 descriptas,
496 4101 606 4181 intrat,
628 4121 689 4185 per
718 4101 830 4183 plures
859 4098 1010 4185 splraeros
1038 4110 1090 4164 ao·
1107 4095 1225 4164 coelnm
