2664 4686
552 317 585 365 r.
610 312 780 365 vnorurr.
869 328 874 363 ;
1072 283 1074 288 ’
1123 302 1211 372 uzu

114 454 272 527 ..Alflliwt
284 473 350 536 pre
364 456 586 534 naumurum·
607 458 637 518 in
649 467 711 518 arte
723 457 853 537 poetices
864 458 1044 519 insuunone
1057 458 1162 539 insigni
1177 471 1211 523 ut

151 550 238 613 vider
258 560 405 612 caractere
428 551 478 612 ‘in
503 562 606 614 sancta
619 554 743 614 Colonia
756 563 937 614 exaratorum
952 574 1041 633 opera
1053 566 1146 635 atque
1157 558 1212 617 iru-

149 645 254 724 pensia
275 646 399 709 llenrici
420 647 556 714 Quentell
577 646 743 727 auuo'port
759 650 899 709 iubileum
912 652 1028 729 primo!
1046 660 1078 712 4.
1112 654 1213 714 Conti-

150 752 278 803 nentur:
301 743 352 802 Vir
367 743 473 804 bouus.
509 747 563 804 Est
586 732 617 805 et
638 765 706 807 nou.
731 749 778 807 De
797 748 927 826 ylittera
942 748 1136 827 Pythagorea.
1163 749 1211 808 De

101 882 107 891 .
152 839 247 899 Rura.
266 839 370 916 Elegia
383 839 421 901 de
433 840 518 900 obitu
533 841 717 900 Maecenatis.
752 842 864 901 Pnuaer
877 842 951 903 ibid.

97 932 273 1003 -crden
302 933 397 995 nire.
427 935 545 997 AEtbna.
568 937 661 1014 Cyris.
684 938 844 997 Moretum.
876 938 1028 998 llortulus.
1059 941 1211 1020 Elegirde

104 1102 107 1107 .
151 1028 239 1090 obitu
264 1029 452 1089 Mecoeuatir.
482 1031 710 1109 Epigrammata.
752 1032 803 1092 Vir
826 1033 928 1093 bonus.
970 1036 1017 1094 De
1040 1036 1134 1097 Lade.
1158 1040 1212 1100 -De

150 1126 269 1191 livere.
310 1127 356 1185 De
371 1128 482 1188 Venere
508 1138 539 1188 et
554 1130 641 1189 Vino.
673 1132 718 1189 De
744 1129 854 1190 Littera
876 1131 1061 1210 Pythagoras
1095 1134 1212 1215 Coppa.

149 1222 245 1283 Rosa.
265 1223 318 1282 liat
331 1232 360 1282 et
375 1240 444 1283 non.
465 1226 576 1285 AEtates
589 1225 781 1285 animalium..
801 1226 945 1287 AErunure
967 1237 997 1287 et
1010 1228 1214 1323 unqu—llas

149 1318 236 1381 culis.
265 1319 587 1398 DecantuSyreuum.
619 1321 834 1382 DeDiet'eato.
866 1323 1064 1384 Del’ortuna.
1084 1324 1213 1388 'Deor-

147 1414 240 1492 pbeo.
254 1414 300 1472 De
311 1415 358 1474 Se.
373 1415 421 1473 De
429 1415 557 1493 Speculo
566 1424 597 1474 et
608 1417 708 1475 Fonte.
724 1418 769 1475 De
779 1417 885 1476 Glaoie
896 1427 926 1477 et
936 1418 1081 1481 Plaustro.
1103 1423 1150 1482 Dc
1161 1423 1212 1483 lri.

151 1508 202 1568 De
216 1524 267 1569 rr..
284 1509 482 1586 Temporibus
495 1511 574 1570 euni.
596 1511 643 1570 De
656 1512 733 1572 Ortu
748 1512 833 1572 Solis.
863 1514 910 1572 De
923 1514 1019 1592 Signis
1033 1517 1212 1580 ooelertibua.

151 1603 299 1675 Qurcdarn
325 1605 499 1682 Fragmenta
521 1605 668 1667 addititia.
703 1607 794 1686 Niger
813 1609 852 1668 de
875 1610 1013 1671 Numeris
1040 1613 1211 1675 carminum.

149 1701 299 1763 ‘Lutetiae
323 1720 376 1780 per
399 1701 574 1761 Thielrnann
596 1703 813 1763 treverum:
832 1704 887 1766 fol.
920 1706 1132 1770 Panacr'l'om.
1146 1727 1210 1773 nn.

149 1815 222 1877 pag.
238 1806 308 1858 ror.

102 1899 195 1961 2302
207 1895 458 1972 Argentoratensis
474 1913 497 1956 r.
519 1897 618 1973 Opera
640 1900 682 1970 (et
696 1896 833 1957 Carmina
847 1897 981 1972 minora.)
1010 1898 1045 1958 ln
1058 1897 1137 1960 tine:
1159 1901 1212 1961 ‘Ps

99 2046 108 2059 ,
149 1989 192 2047 V.
205 1990 251 2049 M.
282 1991 385 2066 Opera
409 2010 479 2049 cum
493 1991 625 2068 quinque
639 1991 872 2063 ermenteriis,
892 1993 1168 2074 expolitissimisquo
1179 1995 1214 2056 fi·

92 2125 95 2131 ·
149 2083 232 2163 μή
244 2095 333 2162 atque
345 2084 522 2162 imaginibus
535 2103 587 2163 per
601 2085 715 2146 Sebast.
740 2089 830 2146 Brant
853 2089 1060 2166 superadditis.
1089 2090 1215 2167 Impres-

150 2200 218 2241 sunr
232 2181 312 2258 regia
336 2181 365 2239 in
380 2181 501 2239 civitate
516 2180 719 2258 Argentiuens.
751 2181 956 2254 ordinatione,
973 2183 1172 2244 eliminatione
1183 2192 1214 2244 ct

149 2276 311 2338 relectione
333 2278 402 2338 Seb.
416 2279 516 2348 Brant,
538 2297 686 2355 operaque
705 2288 736 2337 et
757 2278 888 2355 impensa
909 2298 969 2337 non
992 2278 1133 2339 mediocri
1151 2299 1214 2339 ma·

150 2374 236 2453 gistri
249 2374 397 2447 ,Iohannis
421 2376 602 2453 Grieninger,
630 2393 709 2434 anno
730 2374 883 2433 millesimo
904 2373 1139 2450 quingentesimo
1164 2395 1213 2439 se·

150 2469 253 2530 cundo
265 2470 370 2547 quinta
381 2471 526 2530 Calendas
541 2471 727 2549 Septembres
741 2470 812 2529 die.'
832 2469 885 2530 lol.
920 2470 1132 2529 Commentarii
1145 2479 1212 2530 sunt

149 2565 253 2638 iidem,
274 2568 368 2646 quiin
383 2569 502 2628 Venetis
515 2567 584 2626 edd.
609 2575 696 2638 1495.
723 2574 813 2635 1499.
840 2573 928 2626 1501.
953 2574 986 2624 ut
1006 2566 1216 2627 noudubitan-

150 2663 225 2723 dum
239 2664 287 2735 rit,
307 2665 379 2742 quin
395 2665 458 2741 ipse
474 2671 562 2741 poeta
576 2683 612 2722 ex
635 2663 669 2722 iis
691 2681 846 2738 expressus
860 2659 907 2721 sit.
942 2661 986 2719 ax
1000 2660 1055 2720 hae
1069 2681 1139 2721 reru
1152 2663 1213 2723 edi-

152 2760 236 2820 tione
250 2760 405 2838 Argentina
420 2760 521 2819 duotre
545 2757 739 2836 multigonae,
757 2775 826 2834 quse
840 2755 1047 2828 Asccnaianas,
1065 2757 1211 2830 luminas,

151 2856 286 2933 aliaque
301 2858 424 2915 Venetae
445 2865 568 2914 onerant
582 2855 673 2933 magis
687 2873 775 2930 quam
789 2862 906 2912 ornant.
942 2852 1154 2915 Panna-Tum.
1164 2871 1213 2915 ar.

215 2959 287 3018 ‚az
305 2971 368 3028 seq.
1167 3000 1170 3004 A

106 2970 319 3116 -lldugoolicn
339 3064 407 3105 cum
433 3045 643 3105 commentario
664 3045 764 3103 Herm.
778 3041 957 3101 Torrentiui.
991 3040 1116 3102 lufiue:
1135 3044 1214 3101 ‘Bu-

146 3143 315 3205 nolicorun
329 3140 397 3201 finis
410 3140 533 3200 Colonie
548 3141 578 3198 in
592 3139 710 3199 officina
726 3139 774 3217 pie
788 3136 928 3197 memorie
943 3137 1064 3196 llenriei
1077 3137 1214 3204 Quentell

153 3242 244 3301 Anno
257 3240 444 3299 acconen!
464 3246 495 3296 4.
530 3237 639 3295 Panocr
651 3236 739 3294 Tom.
751 3251 798 3295 vr.
814 3254 882 3312 pag.
896 3241 967 3295 351.

109 3370 155 3383 -
170 3327 385 3411 Georgicorum
400 3333 433 3391 P.
449 3332 561 3410 Virgilii
575 3332 706 3391 Maronis
720 3331 793 3391 liber
812 3349 880 3389 eum
904 3350 982 3390 novo
1003 3328 1213 3389 commentario

155 3430 315 3492 llcrnranni
342 3428 519 3488 Torrentini.
551 3427 750 3487 ‘Darentriae
772 3426 918 3486 industria
931 3427 1032 3488 lacobi
1056 3427 1094 3487 de
1121 3425 1215 3487 Breda

156 3542 335 3589 ucccccrr.
349 3524 486 3602 proximo
497 3533 563 3602 post
577 3523 719 3583 lubileum
732 3523 813 3585 felici
822 3535 901 3590 sueta
911 3525 1041 3601 quievit!
1053 3533 1085 3582 4.
1105 3522 1216 3583 Pmer

155 3623 246 3682 Tam.
261 3637 309 3682 vr.
329 3640 396 3700 pag.
411 3629 481 3681 484.

116 3726 197 3781 1503
212 3718 365 3790 Bucolica,
387 3738 454 3777 cunr
480 3716 691 3777 commentario
705 3717 808 3775 Herm.
821 3714 997 3775 Torrentiui.
1018 3714 1213 3775 ‘Darentriac

154 3804 363 3892 per'lacobum
375 3815 413 3874 de
428 3814 542 3874 Breda'
559 3822 591 3874 4.
625 3814 738 3873 Panaer
750 3813 840 3871 Tom.
855 3828 903 3872 vr.
917 3831 986 3891 pag.
999 3819 1071 3872 485.

112 3940 156 3957 ·-·
167 3911 356 3971 BneolieaP.
372 3913 408 3970 V.
424 3913 469 3970 M.
488 3930 554 3971 cum
570 3912 726 3970 verborum
739 3919 881 3970 contextu
895 3908 1067 3988 inpoitim
1076 3916 1215 3986 tyruncu-

154 4008 252 4067 lorum
274 4009 461 4069 sublevamen
484 4026 538 4086 per
560 4009 759 4070 Hmmannum
782 4004 991 4067 Tenentiuurc
1012 4000 1118 4064 triviali
1139 3999 1214 4078 stylo

155 4103 490 4166 tanilirriterdircusra
530 4103 564 4164 ln
588 4102 664 4168 linc:
696 4105 731 4164 lu
745 4101 866 4166 redibru
888 4099 1028 4173 Quentcll
1050 4104 1212 4159 exaratum.
