2664 4686
179 303 268 385 4018
540 349 545 359 .
579 314 784 375 rxcuasna
802 318 887 371 rur.
919 318 924 331 ·

179 463 336 546 exempla
355 460 485 537 desunt,
508 481 587 545 quae
610 482 632 527 a
654 464 906 546 oogmmimbus
918 464 1048 528 venisse
1063 461 1227 543 viderur,
1245 470 1277 530 ut

179 564 300 630 Gentis
314 563 456 640 Flaviae,
473 561 615 641 Fuluiae,
631 563 780 642 Rutiliae,
796 565 841 629 al.
856 565 900 629 ci.
915 563 1026 628 cerna
1038 564 1084 628 ad
1096 564 1131 630 lr.
1144 564 1169 628 l.
1204 563 1276 629 Jarn

179 684 277 748 porro
297 665 362 729 hoc
381 663 642 746 oognommluli
664 663 840 729 formatum
861 665 1150 748 poeuessemlt
1171 665 1215 730 alr
1238 662 1279 728 lli

178 769 322 842 nomine,
337 764 429 848 quod
443 763 625 848 hojmum
640 763 716 842 fuit,
736 768 770 828 et
782 783 852 849 quo
866 763 1104 828 laomedontis
1115 771 1212 848 pater
1222 764 1279 829 luit

179 868 387 950 appellams3
408 865 608 930 sedratioue
621 865 839 946 grammatica
855 865 955 950 plane
972 864 1175 947 refragante.
1217 863 1278 930 Va·

178 968 602 1054 ruminetymologiiscum
615 965 730 1031 Graeci
744 966 971 1031 tumRomani
984 965 1279 1050 argutiasplerrm-

179 1090 245 1156 que
259 1076 406 1155 captant,
430 1089 496 1134 nou
517 1069 678 1134 sermonis
700 1070 863 1133 rationem
876 1073 911 1132 et
933 1067 1099 1150 analogice
1112 1067 1280 1133 renitatur

180 1178 371 1255 sequuntur.
425 1170 500 1236 Nec
524 1171 629 1235 multo
651 1170 805 1235 subtilior
829 1171 933 1233 altera
956 1187 1000 1232 ex
1023 1166 1111 1233 Julii
1137 1165 1289 1249 cenas,

181 1270 370 1337 Pontifical.
384 1273 444 1358 lib.
456 1289 498 1349 u,
513 1277 547 1336 et
557 1269 686 1335 Catone
700 1271 736 1334 in
747 1269 862 1353 Origg.
876 1274 1060 1334 memorata
1072 1268 1286 1355 etymologirp

180 1377 219 1436 ut
233 1371 329 1437 Iulus
344 1372 479 1450 aJore,
504 1369 612 1452 Iobus,
635 1369 732 1448 Iolao,
756 1369 859 1450 Iulus,
881 1370 1017 1435 ductum
1031 1371 1088 1433 sit.
1121 1367 1170 1435 V.
1185 1367 1282 1435 Auci.

42 1532 45 1537 .
180 1473 223 1537 de
238 1473 331 1558 Orig.
356 1475 401 1541 G.
425 1474 528 1540 Rom
552 1493 583 1538 c.
599 1475 654 1539 15.
696 1473 814 1540 Altera
837 1475 873 1537 in
892 1472 926 1536 lr.
941 1471 966 1535 l.
990 1471 1139 1554 quaestio
1159 1477 1222 1551 est,
1242 1489 1282 1536 an

181 1594 243 1656 pro
258 1576 418 1641 carminis
437 1576 527 1660 epici
549 1574 733 1659 majestate,
757 1580 792 1639 et
816 1575 852 1638 iu
874 1571 974 1638 Jovis
988 1573 1155 1649 oratione,
1181 1591 1280 1658 eaque

86 1710 93 1719 ·
180 1675 225 1766 ad
239 1675 415 1752 Venerem,
439 1678 558 1742 AEneae
571 1684 723 1754 matrem,
747 1676 947 1760 etymologia
958 1674 1038 1739 talis
1059 1679 1151 1739 recte
1167 1675 1282 1741 inserta

180 1795 257 1842 csso
271 1777 377 1843 videri
400 1780 520 1861 possit.
564 1777 699 1844 Partem
722 1776 927 1842 difficultatis
942 1774 1026 1839 vidit
1049 1773 1230 1840 Britannus
1250 1777 1282 1851 ir

177 1874 324 1943 lluoell.
340 1876 443 1941 Obss.
459 1877 537 1942 Vol.
554 1895 580 1953 r,
600 1897 634 1959 p.
649 1879 671 1941 ⁶
685 1883 718 1942 et
731 1877 788 1954 82,
812 1877 972 1941 adversus
986 1894 1086 1958 quem
1098 1881 1133 1939 et
1146 1877 1197 1942 ibi
1209 1875 1286 1954 doc·

180 1977 254 2040 tiss.
268 1975 385 2041 Editor
398 1981 431 2041 et
445 1977 490 2042 ad
502 1977 536 2040 lr.
551 1979 573 2041 l.
588 1977 798 2042 Burmannus
813 1978 994 2061 disputant,
1008 1976 1126 2059 nescio
1140 1995 1187 2053 an
1198 1994 1281 2041 corn·

179 2077 280 2143 modo
292 2077 383 2142 satis.
427 2077 544 2142 Potest
565 2077 710 2162 quidem,
728 2064 932 2160 'suffragante
953 2076 1139 2141 Brundusio
1158 2084 1281 2154 nostro,

180 2178 312 2245 delendi
325 2177 430 2264 po‘eta
439 2178 609 2254 hacteuus,
631 2177 722 2260 quod
745 2177 781 2240 iu
794 2174 937 2259 Augusti
951 2176 1095 2259 gratiam
1108 2181 1144 2240 ct
1158 2175 1204 2240 acl
1219 2194 1281 2241 ma·

175 2283 293 2364 joram,
320 2300 419 2365 quam
444 2278 625 2363 populares
654 2279 706 2341 sui
728 2274 804 2340 inda
832 2295 952 2359 capere
976 2280 1142 2358 poterant,
1168 2277 1280 2363 volupe,

179 2382 417 2458 tatom‚.etiam
438 2386 560 2464 practer
576 2376 746 2453 πιθανότητα
759 2381 793 2440 et
808 2376 1037 2452 subtilitatem,
1057 2376 1207 2449 intexere
1227 2377 1281 2442 ali·

180 2481 261 2565 quid
275 2499 344 2545 nou
357 2479 542 2559 dubitavit3
557 2485 669 2564 potest
682 2498 827 2563 quoque,
843 2477 935 2562 quod
946 2477 1200 2562 Fschenburgio
1212 2500 1245 2563 r.
1253 2497 1282 2553 u.

181 2584 347 2665 placuisse
361 2583 472 2658 video,
496 2581 628 2664 Jupiter
642 2581 747 2644 videri
771 2579 894 2644 Veneri
907 2580 1056 2645 voluisse
1079 2581 1145 2649 lroc
1164 2583 1202 2646 in
1221 2601 1282 2647 me

179 2682 321 2745 moriam
344 2699 511 2744 revocare.
560 2679 635 2746 Nec
660 2685 769 2743 tamen
791 2681 900 2760 minus
923 2681 973 2745 ita
994 2681 1134 2745 alterum
1155 2701 1282 2747 versum

180 2782 223 2847 ol)
237 2780 345 2845 aliena
365 2798 465 2844 manu
486 2781 670 2844 accessisse
690 2783 857 2864 suspicor,
883 2782 955 2845 sive
978 2788 1094 2860 totum,
1119 2784 1194 2848 sive
1209 2787 1282 2868 post

180 2878 335 2959 Additur,
366 2901 442 2949 cum
466 2901 487 2945 a
509 2882 613 2965 polita
638 2883 765 2946 scilicet
790 2883 1002 2965 imperfectus
1028 2890 1119 2948 esset
1140 2885 1282 2951 relictus.

180 2984 272 3050 Nam
286 2984 507 3068 interpretatio
519 2985 596 3060 ista,
612 2982 704 3047 ‘Ilus
719 2990 799 3060 crat,
809 2983 890 3048 dum
904 3003 956 3048 res
972 2985 1063 3049 stetit
1074 2985 1142 3051 Ilia
1162 2983 1282 3070 regno}

180 3105 240 3168 per
264 3104 301 3149 se
324 3085 451 3170 inepta,
485 3085 589 3148 multo
612 3086 712 3149 etiam
734 3085 841 3167 magis
861 3105 884 3150 a
905 3086 980 3150 loco
1002 3086 1071 3159 hoc,
1088 3087 1200 3155 aliena
1222 3093 1281 3154 est.

178 3187 264 3250 Tum
280 3207 324 3277 aa
337 3206 432 3272 regno
454 3187 537 3252 satis
560 3187 659 3250 latine
684 3185 852 3269 adjectum
866 3188 921 3265 sit,
946 3189 1060 3253 nescio
1073 3207 1081 3251 ι
1103 3187 1186 3254 dum
1200 3209 1281 3274 resp.

178 3288 333 3376 Trojano,
351 3309 486 3372 regnum
499 3288 690 3374 Trojanum,
708 3289 810 3365 stetit,
823 3288 963 3366 durarit,
982 3309 1093 3374 regno:
1108 3292 1175 3356 nisi
1188 3298 1281 3375 putes

180 3390 309 3455 defendi
332 3411 432 3475 posse
454 3411 499 3455 ex
524 3390 546 3454 l.
564 3408 604 3467 11,
628 3390 672 3455 88
694 3391 812 3454 ‘Dum
837 3395 945 3459 suunt
968 3412 1068 3474 reguo
1091 3389 1281 3467 incolumis'

181 3491 398 3558 Palamedes:
429 3493 489 3556 ubi
512 3491 637 3555 dictum
660 3497 770 3556 tamen
796 3511 870 3555 esse
899 3498 1040 3575 apparet
1063 3492 1200 3576 poetico
1223 3513 1283 3559 usu

181 3613 255 3677 pro,
269 3594 349 3658 dum
362 3614 498 3678 reguum
512 3595 586 3678 ejus
601 3595 711 3658 stabat
724 3593 901 3672 incolume,
923 3594 957 3657 h.
973 3613 1004 3657 e.
1019 3594 1092 3679 ejus
1105 3595 1202 3676 regia
1213 3594 1283 3679 dig·

180 3695 269 3759 nitas
292 3701 363 3759 erat
385 3697 481 3760 salva
503 3703 538 3761 et
559 3696 695 3761 intacta.
739 3693 837 3760 Certe
855 3693 986 3778 judicio
1008 3694 1148 3759 acutiori
1166 3714 1285 3779 parum

180 3816 218 3862 se
232 3798 372 3881 probare
385 3803 496 3880 potest
508 3817 625 3862 versus
640 3804 708 3864 tarn
722 3797 867 3883 jejunus.
912 3795 1132 3863 DeAscanio
1146 3816 1180 3871 v.
1195 3796 1284 3867 Ero.

83 3942 88 3950 -
182 3915 265 3967 aru
281 3899 324 3965 ad
339 3900 398 3965 lib.
415 3916 456 3964 ιι.
