2664 4686
119 287 209 354 4336
537 301 737 352 uxouasos
758 302 816 351 ιιι.

124 447 285 515 memoria
319 446 503 530 repetitum=
522 451 582 511 est.
627 445 705 510 Fuit
731 446 827 540 euim
845 444 981 510 Tarcon
1011 442 1144 530 aliquis,
1165 445 1208 530 qui

122 549 318 633 Tarquinios
340 549 375 611 in
404 547 532 611 Etruria
560 546 752 611 condidisse
779 545 959 611 serebatur.
1004 545 1097 610 Eum
1124 549 1210 611 statu

122 671 200 722 oum
211 652 379 734 Tyrrheno
401 670 420 712 o
440 648 548 733 Lydia
570 649 604 712 iu
626 648 760 712 Italiam
776 650 917 726 venisse,
929 648 1066 713 Strabo
1079 649 1210 714 uaditm

120 758 294 836 acceperat
314 752 372 815 lib.
389 767 424 829 ν,
449 772 484 835 p.
499 752 565 816 336
586 768 622 829 n,
643 752 809 834 vulgoque
829 755 1011 828 narratum,
1031 751 1138 816 fuisse
1155 769 1211 813 erm

121 874 243 919 cauum
265 873 286 916 a
305 871 428 935 puero:
451 872 517 935 qua
539 851 654 915 fabula
673 853 736 915 viri
759 853 956 934 sapientiam
978 850 1150 915 declarare
1167 870 1213 914 ro·

119 955 209 1020 luere
223 957 379 1019 homiues.
405 953 540 1036 Repetit
551 972 625 1016 eam
640 951 792 1017 Eustath.
806 952 850 1016 ad
866 952 1010 1036 Dionys.
1029 951 1157 1035 Perieg.
1164 953 1213 1016 347

120 1064 154 1125 et
168 1060 212 1123 ad
227 1060 323 1125 Iliad·
340 1077 371 1122 ιι.
386 1078 421 1141 p.
436 1059 511 1135 167,
526 1058 548 1120 1.
564 1058 617 1122 23.
648 1056 801 1120 Discedit
814 1057 857 1119 ab
870 1056 921 1119 bis
936 1055 1059 1132 Silius,
1075 1055 1135 1118 lib.
1150 1071 1215 1131 rm,

121 1163 197 1239 474,
214 1182 236 1226 a
249 1181 316 1245 quo
336 1165 346 1195 ‘
362 1159 506 1225 Cortona
520 1159 655 1242 superbi
668 1157 844 1223 Tarcoutis
857 1155 986 1221 domus'
999 1156 1099 1221 edita
1110 1163 1174 1222 est:
1190 1161 1217 1218 et

112 1262 302 1327 secundum
319 1263 416 1339 alios,
440 1281 524 1344 quos
547 1259 632 1325 Cato
654 1259 803 1343 origg-l
823 1260 1035 1342 sequebatur,
1050 1257 1143 1342 apud
1156 1254 1217 1320 Sa·

118 1364 210 1427 vium
230 1362 272 1427 ad
295 1363 353 1427 lib.
373 1378 400 1424 x
423 1363 500 1425 AEn.
515 1362 580 1426 179
602 1361 753 1424 Pisarum
775 1360 831 1423 ille
852 1358 1005 1423 conditor
1018 1358 1218 1437 habituras,

119 1464 163 1527 ab
189 1465 264 1528 aliis
288 1463 438 1530 Mantuae
463 1482 518 1546 ap.
541 1461 634 1525 Serv.
653 1461 695 1525 ad
719 1479 758 1538 x,
779 1461 855 1537 198,
871 1461 996 1543 quibus
1021 1459 1146 1522 saltem
1165 1458 1218 1522 bor

120 1571 259 1644 constat,
286 1565 611 1632 fuisse'larcontem
637 1565 720 1628 iuter
741 1569 891 1627 auctores
916 1561 1038 1645 populi
1068 1560 1217 1631 habiturn,

119 1666 308 1749 mrrltasquo
330 1666 373 1730 ad
394 1686 469 1730 eum
483 1667 580 1728 urbes
596 1665 753 1746 originem
767 1664 930 1729 retulisse.
975 1661 1090 1726 Aliter
1101 1659 1220 1725 ornavit

112 1763 264 1828 tabulam
290 1766 488 1849 Lycophron
510 1785 542 1829 v.
567 1766 663 1829 1245.
689 1766 788 1843 1249,
816 1766 887 1841 ubi,
908 1769 1032 1846 praeter
1057 1761 1217 1845 olym,

121 1859 263 1925 Torclon
286 1870 320 1928 et
344 1861 531 1948 Tyrrhenus,
550 1865 689 1949 Telephi
714 1865 888 1949 Mysorum
909 1866 997 1947 regis
1021 1864 1095 1940 lilii,
1114 1879 1220 1928 occur·

112 1970 192 2030 runt
206 1965 323 2030 AEneae
337 1965 371 2027 iu
385 1964 488 2029 Italia
501 1966 758 2051 societatemque
775 1987 852 2032 cum
871 1987 913 2031 oo
930 1966 1080 2049 jungunt
1092 1964 1167 2048 (qui
1178 1961 1219 2028 ui

42 2064 44 2066 ’
109 2071 315 2133 memoratur
335 2067 454 2151 οἰκουρὸς
478 2063 584 2144 tirou,
608 2068 763 2132 Bacchus
785 2077 855 2134 est:
879 2068 922 2133 cf.
944 2067 1062 2132 Schol-
1088 2065 1134 2130 ad
1150 2061 1220 2139 299,

117 2168 160 2233 de
174 2189 240 2252 quo
254 2190 321 2235 non
335 2171 418 2233 bene
432 2167 687 2253 dubitaveram).
730 2171 838 2235 Totus
851 2171 906 2234 ille
925 2171 1023 2234 locus
1045 2189 1069 2232 a
1087 2188 1124 2233 v.
1142 2164 1220 2232 m

115 2271 340 2335 memorabilis
352 2275 404 2334 est
429 2270 471 2334 ad
496 2269 713 2335 declarandas
736 2277 882 2336 veterum
902 2271 1107 2336 Graecorum
1120 2268 1162 2333 do
1173 2268 1219 2332 iris

115 2371 200 2433 locis
215 2373 369 2436 notitias:
385 2372 505 2434 dicitur
520 2372 662 2434 AEneam
676 2391 821 2436 erronem
837 2374 1014 2456 excepisse
1027 2369 1218 2455 'lyrrbmia

116 2489 183 2554 quo
197 2474 328 2536 nomine
342 2473 444 2554 poeta
464 2473 548 2535 bene
570 2473 713 2536 Italiam.
726 2477 857 2538 omnino
872 2480 905 2538 et
915 2475 1076 2557 ⁴inprimis
1089 2474 1168 2537 loca
1180 2469 1218 2534 ol

115 2570 261 2636 Tiberim
275 2571 442 2635 declarare
456 2572 574 2654 potuit,
595 2572 667 2649 sed,
687 2577 818 2639 nomine
839 2575 1033 2659 Tyrrheniae
1051 2594 1113 2638 seu
1128 2573 1217 2639 Eou-

114 2672 173 2736 riae
188 2672 291 2734 semel
304 2673 427 2753 posito,
437 2667 514 2733 'alia
527 2671 602 2735 loca
615 2674 688 2756 ejus
701 2678 865 2740 maritima
878 2685 1042 2754 recenset,
1064 2673 1217 2762 Iqacm

114 2769 262 2846 fluvium,
285 2766 397 2831 Pisum
417 2779 446 2831 et
469 2769 633 2854 Agyllam.
677 2774 763 2839 Cum
788 2776 956 2858 Lynceum
979 2773 1103 2838 calidas
1124 2792 1216 2859 aqam

115 2866 246 2934 ebullire
260 2869 359 2948 dicat,
374 2868 547 2934 Cluverius
564 2872 641 2937 Ital.
665 2882 731 2939 ant.
751 2897 827 2959 pag.
843 2878 909 2942 472
930 2898 1072 2962 parvum
1091 2893 1214 2941 amnem

107 2991 199 3036 nuuc
227 2968 347 3036 Coruin
377 2970 503 3036 dictum
532 2974 575 3036 ad
605 2973 813 3054 Vetulonios,
843 2979 929 3042 ultra
956 2979 1212 3062 promontorium

115 3073 350 3158 Populonium,
375 3075 589 3157 probabiliter
614 3079 837 3162 interpretatur
863 3081 1046 3163 Lynceum,
1071 3078 1209 3166 quaudo

107 3174 325 3259 .quide1nille
351 3174 478 3240 calidas
503 3196 608 3259 aquas
634 3178 814 3263 paludosae
836 3187 1037 3249 transmeatt
1071 3181 1113 3247 cs.
1139 3196 1205 3261 sup.

115 3273 201 3342 Exc.
219 3295 231 3341 1
246 3277 360 3342 adlib.
378 3294 494 3361 v11‚p.
509 3281 584 3345 515.
884 3318 887 3323 ·
