<?xml version="1.0" encoding="UTF-8"?>
<!DOCTYPE html PUBLIC "-//W3C//DTD XHTML 1.0 Transitional//EN"
    "http://www.w3.org/TR/xhtml1/DTD/xhtml1-transitional.dtd">
<html xmlns="http://www.w3.org/1999/xhtml" xml:lang="en" lang="en">
 <head>
  <title>
</title>
<meta http-equiv="Content-Type" content="text/html;charset=utf-8" />
  <meta name='ocr-system' content='tesseract 3.04.00' />
  <meta name='ocr-capabilities' content='ocr_page ocr_carea ocr_par ocr_line ocrx_word'/>
</head>
<body>
  <div class='ocr_page' id='page_1' title='image "./pvirgiliimaroni00virggoog/pvirgiliimaroni00virggoog_0192.png"; bbox 0 0 2664 4686; ppageno 0'>
   <div class='ocr_carea' id='block_1_1' title="bbox 455 324 1218 393">
    <p class='ocr_par' dir='ltr' id='par_1_1' title="bbox 455 324 1218 393">
     <span class='ocr_line' id='line_1_1' title="bbox 455 324 1218 393; baseline 0.005 -5"><span class='ocrx_word' id='word_1_1' title='bbox 455 341 507 388; x_wconf 82' lang='lat' dir='ltr'><strong>an</strong></span> <span class='ocrx_word' id='word_1_2' title='bbox 530 337 702 389; x_wconf 74' lang='lat' dir='ltr'><strong>marinos</strong></span> <span class='ocrx_word' id='word_1_3' title='bbox 727 338 800 389; x_wconf 86' lang='lat' dir='ltr'><strong>ms.</strong></span> <span class='ocrx_word' id='word_1_4' title='bbox 824 339 881 389; x_wconf 93' lang='grc' dir='ltr'><strong>ιιι.</strong></span> <span class='ocrx_word' id='word_1_5' title='bbox 1129 324 1218 393; x_wconf 72' lang='lat'><strong>4137</strong></span> 
     </span>
    </p>
   </div>
   <div class='ocr_carea' id='block_1_2' title="bbox 111 438 1303 1075">
    <p class='ocr_par' dir='ltr' id='par_1_2' title="bbox 111 438 1303 1075">
     <span class='ocr_line' id='line_1_2' title="bbox 114 438 1219 575; baseline 0.005 -28"><span class='ocrx_word' id='word_1_6' title='bbox 114 480 421 567; x_wconf 58' lang='lat' dir='ltr'><strong>menum.</strong></span> <span class='ocrx_word' id='word_1_7' title='bbox 463 438 603 546; x_wconf 65' lang='lat' dir='ltr'><strong>vsrmu.</strong></span> <span class='ocrx_word' id='word_1_8' title='bbox 617 482 718 547; x_wconf 76' lang='lat' dir='ltr'><strong>ovio.</strong></span> <span class='ocrx_word' id='word_1_9' title='bbox 740 483 762 546; x_wconf 90' lang='grc' dir='ltr'><strong>ι.</strong></span> <span class='ocrx_word' id='word_1_10' title='bbox 783 473 809 547; x_wconf 84' lang='lat'><strong>1.</strong></span> <span class='ocrx_word' id='word_1_11' title='bbox 824 480 869 575; x_wconf 70' lang='lat' dir='ltr'><strong>r,</strong></span> <span class='ocrx_word' id='word_1_12' title='bbox 885 484 962 549; x_wconf 79' lang='lat' dir='ltr'><strong>oso.</strong></span> <span class='ocrx_word' id='word_1_13' title='bbox 1007 483 1219 566; x_wconf 65' lang='lat' dir='ltr'><strong>moavao</strong></span> 
     </span>
     <span class='ocr_line' id='line_1_3' title="bbox 115 582 1215 764; baseline 0.003 -14"><span class='ocrx_word' id='word_1_14' title='bbox 115 582 356 751; x_wconf 51' lang='lat' dir='ltr'><strong>Gtllviriiffliiliam</strong></span> <span class='ocrx_word' id='word_1_15' title='bbox 370 685 414 749; x_wconf 89' lang='lat' dir='ltr'><strong>ab</strong></span> <span class='ocrx_word' id='word_1_16' title='bbox 428 685 537 749; x_wconf 83' lang='lat' dir='ltr'><strong>AEnea</strong></span> <span class='ocrx_word' id='word_1_17' title='bbox 557 685 591 749; x_wconf 94' lang='lat' dir='ltr'><strong>in</strong></span> <span class='ocrx_word' id='word_1_18' title='bbox 610 686 855 751; x_wconf 80' lang='lat' dir='ltr'><strong>matrimonium</strong></span> <span class='ocrx_word' id='word_1_19' title='bbox 868 687 1014 764; x_wconf 87' lang='lat' dir='ltr'><strong>ductam,</strong></span> <span class='ocrx_word' id='word_1_20' title='bbox 1035 687 1215 753; x_wconf 87' lang='lat' dir='ltr'><strong>secundum</strong></span> 
     </span>
     <span class='ocr_line' id='line_1_4' title="bbox 112 784 1218 870; baseline 0.005 -19"><span class='ocrx_word' id='word_1_21' title='bbox 112 784 198 851; x_wconf 79' lang='lat' dir='ltr'><strong>alios</strong></span> <span class='ocrx_word' id='word_1_22' title='bbox 220 786 392 864; x_wconf 83' lang='lat' dir='ltr'><strong>violatam,</strong></span> <span class='ocrx_word' id='word_1_23' title='bbox 419 784 544 850; x_wconf 83' lang='lat' dir='ltr'><strong>Anium</strong></span> <span class='ocrx_word' id='word_1_24' title='bbox 568 794 665 870; x_wconf 87' lang='lat' dir='ltr'><strong>partu</strong></span> <span class='ocrx_word' id='word_1_25' title='bbox 687 787 846 865; x_wconf 80' lang='lat' dir='ltr'>edidisse,</span> <span class='ocrx_word' id='word_1_26' title='bbox 867 786 1002 852; x_wconf 81' lang='lat' dir='ltr'><strong>Servius</strong></span> <span class='ocrx_word' id='word_1_27' title='bbox 1026 787 1070 852; x_wconf 85' lang='lat' dir='ltr'><strong>ad</strong></span> <span class='ocrx_word' id='word_1_28' title='bbox 1094 802 1152 866; x_wconf 80' lang='grc' dir='ltr'><strong>ιιι,</strong></span> <span class='ocrx_word' id='word_1_29' title='bbox 1172 788 1218 857; x_wconf 63' lang='grc' dir='ltr'><strong>ω</strong></span> 
     </span>
     <span class='ocr_line' id='line_1_5' title="bbox 111 886 1303 990; baseline 0.003 -37"><span class='ocrx_word' id='word_1_30' title='bbox 111 894 232 953; x_wconf 81' lang='lat' dir='ltr'><strong>uenat.</strong></span> <span class='ocrx_word' id='word_1_31' title='bbox 288 886 388 951; x_wconf 90' lang='lat' dir='ltr'><strong>Prius</strong></span> <span class='ocrx_word' id='word_1_32' title='bbox 411 888 494 952; x_wconf 92' lang='lat' dir='ltr'><strong>illud</strong></span> <span class='ocrx_word' id='word_1_33' title='bbox 517 908 536 952; x_wconf 90' lang='lat' dir='ltr'><strong>e</strong></span> <span class='ocrx_word' id='word_1_34' title='bbox 561 891 678 971; x_wconf 81' lang='lat' dir='ltr'><strong>graecis</strong></span> <span class='ocrx_word' id='word_1_35' title='bbox 700 890 918 972; x_wconf 82' lang='lat' dir='ltr'><strong>scriptoribus</strong></span> <span class='ocrx_word' id='word_1_36' title='bbox 936 889 1102 953; x_wconf 81' lang='lat' dir='ltr'>nonnullis</span> <span class='ocrx_word' id='word_1_37' title='bbox 1114 890 1216 957; x_wconf 79' lang='lat' dir='ltr'><strong>otiam</strong></span> <span class='ocrx_word' id='word_1_38' title='bbox 1296 975 1303 990; x_wconf 60' lang='lat'>‚</span> 
     </span>
     <span class='ocr_line' id='line_1_6' title="bbox 111 988 1218 1075; baseline 0 -20"><span class='ocrx_word' id='word_1_39' title='bbox 111 988 257 1075; x_wconf 78' lang='lat' dir='ltr'><strong>Dionys.</strong></span> <span class='ocrx_word' id='word_1_40' title='bbox 274 990 388 1055; x_wconf 89' lang='lat' dir='ltr'><strong>Halic.</strong></span> <span class='ocrx_word' id='word_1_41' title='bbox 411 1006 437 1068; x_wconf 93' lang='lat'><strong>1,</strong></span> <span class='ocrx_word' id='word_1_42' title='bbox 462 992 505 1055; x_wconf 78' lang='grc'><strong>59</strong></span> <span class='ocrx_word' id='word_1_43' title='bbox 531 997 777 1068; x_wconf 82' lang='lat' dir='ltr'><strong>commemorat,</strong></span> <span class='ocrx_word' id='word_1_44' title='bbox 792 1009 912 1055; x_wconf 91' lang='lat' dir='ltr'><strong>nomen</strong></span> <span class='ocrx_word' id='word_1_45' title='bbox 934 990 1068 1074; x_wconf 84' lang='lat' dir='ltr'><strong>puellae,</strong></span> <span class='ocrx_word' id='word_1_46' title='bbox 1084 992 1218 1075; x_wconf 76' lang='lat' dir='ltr'><strong>insuper</strong></span> 
     </span>
    </p>
   </div>
   <div class='ocr_carea' id='block_1_3' title="bbox 109 1087 1315 1177">
    <p class='ocr_par' dir='ltr' id='par_1_3' title="bbox 109 1087 1315 1177">
     <span class='ocr_line' id='line_1_7' title="bbox 109 1087 1315 1177; baseline -0.002 -22"><span class='ocrx_word' id='word_1_47' title='bbox 109 1090 217 1168; x_wconf 86' lang='lat' dir='ltr'><strong>addit,</strong></span> <span class='ocrx_word' id='word_1_48' title='bbox 243 1087 392 1154; x_wconf 69' lang='lat' dir='ltr'><strong>hanam</strong></span> <span class='ocrx_word' id='word_1_49' title='bbox 418 1093 497 1169; x_wconf 90' lang='lat' dir='ltr'><strong>(nisi</strong></span> <span class='ocrx_word' id='word_1_50' title='bbox 526 1087 693 1154; x_wconf 78' lang='lat' dir='ltr'><strong>Lavinium</strong></span> <span class='ocrx_word' id='word_1_51' title='bbox 718 1092 793 1174; x_wconf 89' lang='lat' dir='ltr'><strong>ipse</strong></span> <span class='ocrx_word' id='word_1_52' title='bbox 817 1090 1002 1175; x_wconf 87' lang='lat' dir='ltr'><strong>Dionysius</strong></span> <span class='ocrx_word' id='word_1_53' title='bbox 1021 1088 1218 1177; x_wconf 71' lang='lat' dir='ltr'><strong>scripserat)</strong></span> <span class='ocrx_word' id='word_1_54' title='bbox 1311 1146 1315 1153; x_wconf 94' lang='lat'>.</span> 
     </span>
    </p>
   </div>
   <div class='ocr_carea' id='block_1_4' title="bbox 107 1192 1287 4112">
    <p class='ocr_par' dir='ltr' id='par_1_4' title="bbox 107 1192 1287 4112">
     <span class='ocr_line' id='line_1_8' title="bbox 110 1192 1287 1277; baseline 0.001 -19"><span class='ocrx_word' id='word_1_55' title='bbox 110 1193 237 1273; x_wconf 59' lang='lat' dir='ltr'><strong>faiam</strong></span> <span class='ocrx_word' id='word_1_56' title='bbox 268 1195 447 1275; x_wconf 78' lang='lat' dir='ltr'><strong>navigasse</strong></span> <span class='ocrx_word' id='word_1_57' title='bbox 461 1212 628 1257; x_wconf 83' lang='lat' dir='ltr'><strong>eamcam</strong></span> <span class='ocrx_word' id='word_1_58' title='bbox 641 1192 799 1277; x_wconf 69' lang='lat' dir='ltr'><strong>&#39;liojanis</strong></span> <span class='ocrx_word' id='word_1_59' title='bbox 813 1194 847 1256; x_wconf 93' lang='lat' dir='ltr'><strong>iu</strong></span> <span class='ocrx_word' id='word_1_60' title='bbox 863 1192 1006 1269; x_wconf 86' lang='lat' dir='ltr'><strong>ltaliam,</strong></span> <span class='ocrx_word' id='word_1_61' title='bbox 1033 1192 1132 1257; x_wconf 85' lang='lat' dir='ltr'><strong>dante</strong></span> <span class='ocrx_word' id='word_1_62' title='bbox 1152 1192 1217 1259; x_wconf 84' lang='lat' dir='ltr'><strong>lloc</strong></span> <span class='ocrx_word' id='word_1_63' title='bbox 1281 1262 1287 1275; x_wconf 76' lang='grc'><strong>,</strong></span> 
     </span>
     <span class='ocr_line' id='line_1_9' title="bbox 113 1294 1270 1382; baseline -0.003 -19"><span class='ocrx_word' id='word_1_64' title='bbox 113 1294 400 1382; x_wconf 76' lang='lat' dir='ltr'><strong>AEneoeprecibus</strong></span> <span class='ocrx_word' id='word_1_65' title='bbox 417 1294 506 1359; x_wconf 87' lang='lat' dir='ltr'><strong>Anio</strong></span> <span class='ocrx_word' id='word_1_66' title='bbox 520 1302 634 1379; x_wconf 80' lang='lat' dir='ltr'><strong>patre3</strong></span> <span class='ocrx_word' id='word_1_67' title='bbox 667 1297 845 1358; x_wconf 87' lang='lat' dir='ltr'><strong>eratenim</strong></span> <span class='ocrx_word' id='word_1_68' title='bbox 869 1294 1008 1358; x_wconf 82' lang='lat' dir='ltr'><strong>fatidica</strong></span> <span class='ocrx_word' id='word_1_69' title='bbox 1030 1295 1217 1378; x_wconf 88' lang='lat' dir='ltr'><strong>etsapiens</strong></span> <span class='ocrx_word' id='word_1_70' title='bbox 1266 1300 1270 1305; x_wconf 87' lang='lat'>&#39;</span> 
     </span>
     <span class='ocr_line' id='line_1_10' title="bbox 109 1384 1216 1478; baseline 0.001 -17"><span class='ocrx_word' id='word_1_71' title='bbox 109 1396 249 1477; x_wconf 81' lang='lat' dir='ltr'><strong>mulier3</strong></span> <span class='ocrx_word' id='word_1_72' title='bbox 286 1415 428 1478; x_wconf 86' lang='lat' dir='ltr'><strong>cumque</strong></span> <span class='ocrx_word' id='word_1_73' title='bbox 456 1397 539 1459; x_wconf 88' lang='lat' dir='ltr'><strong>inter</strong></span> <span class='ocrx_word' id='word_1_74' title='bbox 566 1414 689 1460; x_wconf 87' lang='lat' dir='ltr'><strong>novam</strong></span> <span class='ocrx_word' id='word_1_75' title='bbox 716 1384 830 1459; x_wconf 76' lang='lat' dir='ltr'><strong>urbem</strong></span> <span class='ocrx_word' id='word_1_76' title='bbox 860 1394 1069 1459; x_wconf 85' lang='lat' dir='ltr'><strong>condendam</strong></span> <span class='ocrx_word' id='word_1_77' title='bbox 1099 1399 1216 1462; x_wconf 91' lang='lat' dir='ltr'><strong>morbo</strong></span> 
     </span>
     <span class='ocr_line' id='line_1_11' title="bbox 109 1495 1216 1578; baseline 0 -15"><span class='ocrx_word' id='word_1_78' title='bbox 109 1496 231 1563; x_wconf 82' lang='lat' dir='ltr'><strong>luisset</strong></span> <span class='ocrx_word' id='word_1_79' title='bbox 243 1497 405 1573; x_wconf 78' lang='lat' dir='ltr'><strong>extincta,</strong></span> <span class='ocrx_word' id='word_1_80' title='bbox 421 1501 455 1559; x_wconf 91' lang='lat' dir='ltr'><strong>ct</strong></span> <span class='ocrx_word' id='word_1_81' title='bbox 468 1496 504 1559; x_wconf 92' lang='lat' dir='ltr'><strong>in</strong></span> <span class='ocrx_word' id='word_1_82' title='bbox 518 1515 559 1560; x_wconf 84' lang='lat' dir='ltr'><strong>eo</strong></span> <span class='ocrx_word' id='word_1_83' title='bbox 574 1497 652 1578; x_wconf 87' lang='lat' dir='ltr'><strong>ipso</strong></span> <span class='ocrx_word' id='word_1_84' title='bbox 666 1496 742 1559; x_wconf 93' lang='lat' dir='ltr'><strong>loco</strong></span> <span class='ocrx_word' id='word_1_85' title='bbox 757 1496 900 1578; x_wconf 84' lang='lat' dir='ltr'><strong>sepulta,</strong></span> <span class='ocrx_word' id='word_1_86' title='bbox 927 1495 1070 1561; x_wconf 87' lang='lat' dir='ltr'><strong>AEneam</strong></span> <span class='ocrx_word' id='word_1_87' title='bbox 1084 1498 1118 1559; x_wconf 92' lang='lat' dir='ltr'><strong>in</strong></span> <span class='ocrx_word' id='word_1_88' title='bbox 1131 1517 1216 1563; x_wconf 85' lang='lat' dir='ltr'><strong>uxo-</strong></span> 
     </span>
     <span class='ocr_line' id='line_1_12' title="bbox 110 1595 1217 1679; baseline 0 -16"><span class='ocrx_word' id='word_1_89' title='bbox 110 1597 157 1663; x_wconf 77' lang='lat' dir='ltr'><strong>m</strong></span> <span class='ocrx_word' id='word_1_90' title='bbox 167 1598 366 1663; x_wconf 78' lang='lat' dir='ltr'><strong>memoriam</strong></span> <span class='ocrx_word' id='word_1_91' title='bbox 380 1614 500 1660; x_wconf 91' lang='lat' dir='ltr'><strong>nomen</strong></span> <span class='ocrx_word' id='word_1_92' title='bbox 512 1596 586 1679; x_wconf 87' lang='lat' dir='ltr'><strong>ejus</strong></span> <span class='ocrx_word' id='word_1_93' title='bbox 600 1597 673 1659; x_wconf 92' lang='lat' dir='ltr'><strong>urbi</strong></span> <span class='ocrx_word' id='word_1_94' title='bbox 689 1596 857 1660; x_wconf 82' lang='lat' dir='ltr'><strong>indidisse.</strong></span> <span class='ocrx_word' id='word_1_95' title='bbox 913 1596 1045 1660; x_wconf 85' lang='lat' dir='ltr'><strong>Similia</strong></span> <span class='ocrx_word' id='word_1_96' title='bbox 1056 1595 1101 1674; x_wconf 84' lang='lat' dir='ltr'><strong>Q.</strong></span> <span class='ocrx_word' id='word_1_97' title='bbox 1114 1596 1217 1663; x_wconf 77' lang='lat' dir='ltr'><strong>Inta-</strong></span> 
     </span>
     <span class='ocr_line' id='line_1_13' title="bbox 110 1696 1172 1780; baseline 0.002 -17"><span class='ocrx_word' id='word_1_98' title='bbox 110 1698 176 1763; x_wconf 86' lang='lat' dir='ltr'><strong>tius</strong></span> <span class='ocrx_word' id='word_1_99' title='bbox 187 1703 401 1778; x_wconf 83' lang='lat' dir='ltr'><strong>narraverat3</strong></span> <span class='ocrx_word' id='word_1_100' title='bbox 422 1697 508 1762; x_wconf 90' lang='lat' dir='ltr'><strong>unde</strong></span> <span class='ocrx_word' id='word_1_101' title='bbox 522 1699 693 1780; x_wconf 76' lang='lat' dir='ltr'><strong>exscripta</strong></span> <span class='ocrx_word' id='word_1_102' title='bbox 706 1698 742 1760; x_wconf 93' lang='lat' dir='ltr'><strong>in</strong></span> <span class='ocrx_word' id='word_1_103' title='bbox 757 1696 851 1778; x_wconf 86' lang='lat' dir='ltr'><strong>Orig.</strong></span> <span class='ocrx_word' id='word_1_104' title='bbox 863 1697 962 1762; x_wconf 88' lang='lat' dir='ltr'><strong>Gent.</strong></span> <span class='ocrx_word' id='word_1_105' title='bbox 978 1696 1078 1761; x_wconf 89' lang='lat' dir='ltr'><strong>Rom.</strong></span> <span class='ocrx_word' id='word_1_106' title='bbox 1090 1718 1124 1763; x_wconf 87' lang='lat' dir='ltr'><strong>c.</strong></span> <span class='ocrx_word' id='word_1_107' title='bbox 1138 1698 1172 1765; x_wconf 87' lang='grc'><strong>9.</strong></span> 
     </span>
     <span class='ocr_line' id='line_1_14' title="bbox 151 1796 1217 1884; baseline 0.003 -20"><span class='ocrx_word' id='word_1_108' title='bbox 151 1798 245 1865; x_wconf 88' lang='lat' dir='ltr'><strong>Delo</strong></span> <span class='ocrx_word' id='word_1_109' title='bbox 270 1799 439 1881; x_wconf 89' lang='lat' dir='ltr'><strong>digressos</strong></span> <span class='ocrx_word' id='word_1_110' title='bbox 463 1796 631 1881; x_wconf 83' lang='lat' dir='ltr'><strong>Trojanos</strong></span> <span class='ocrx_word' id='word_1_111' title='bbox 651 1818 710 1883; x_wconf 90' lang='lat' dir='ltr'><strong>per</strong></span> <span class='ocrx_word' id='word_1_112' title='bbox 723 1798 853 1862; x_wconf 88' lang='lat' dir='ltr'><strong>medias</strong></span> <span class='ocrx_word' id='word_1_113' title='bbox 868 1797 1034 1884; x_wconf 84' lang='lat' dir='ltr'><strong>Cyclades</strong></span> <span class='ocrx_word' id='word_1_114' title='bbox 1050 1801 1160 1865; x_wconf 83' lang='lat' dir='ltr'><strong>statim</strong></span> <span class='ocrx_word' id='word_1_115' title='bbox 1172 1801 1217 1867; x_wconf 89' lang='lat' dir='ltr'><strong>ad</strong></span> 
     </span>
     <span class='ocr_line' id='line_1_15' title="bbox 112 1896 1217 1987; baseline -0.001 -21"><span class='ocrx_word' id='word_1_116' title='bbox 112 1896 244 1966; x_wconf 82' lang='lat' dir='ltr'><strong>Cretam</strong></span> <span class='ocrx_word' id='word_1_117' title='bbox 257 1898 394 1965; x_wconf 81' lang='lat' dir='ltr'><strong>deducit</strong></span> <span class='ocrx_word' id='word_1_118' title='bbox 406 1897 581 1981; x_wconf 83' lang='lat' dir='ltr'><strong>Virgilius.</strong></span> <span class='ocrx_word' id='word_1_119' title='bbox 629 1898 685 1964; x_wconf 84' lang='lat' dir='ltr'><strong>Ad</strong></span> <span class='ocrx_word' id='word_1_120' title='bbox 699 1901 846 1965; x_wconf 83' lang='lat' dir='ltr'><strong>historiae</strong></span> <span class='ocrx_word' id='word_1_121' title='bbox 860 1902 1032 1965; x_wconf 79' lang='lat' dir='ltr'><strong>veritatem</strong></span> <span class='ocrx_word' id='word_1_122' title='bbox 1046 1920 1217 1987; x_wconf 84' lang='lat' dir='ltr'><strong>compara-</strong></span> 
     </span>
     <span class='ocr_line' id='line_1_16' title="bbox 108 1996 1217 2086; baseline 0.002 -19"><span class='ocrx_word' id='word_1_123' title='bbox 108 2008 178 2067; x_wconf 82' lang='lat' dir='ltr'><strong>tum</strong></span> <span class='ocrx_word' id='word_1_124' title='bbox 191 2006 259 2079; x_wconf 88' lang='lat' dir='ltr'><strong>est,</strong></span> <span class='ocrx_word' id='word_1_125' title='bbox 274 1998 364 2085; x_wconf 91' lang='lat' dir='ltr'><strong>quod</strong></span> <span class='ocrx_word' id='word_1_126' title='bbox 378 1999 458 2063; x_wconf 89' lang='lat' dir='ltr'><strong>urbs</strong></span> <span class='ocrx_word' id='word_1_127' title='bbox 473 1996 647 2084; x_wconf 82' lang='lat' dir='ltr'><strong>Pergameo</strong></span> <span class='ocrx_word' id='word_1_128' title='bbox 662 2002 714 2065; x_wconf 87' lang='lat' dir='ltr'><strong>vel</strong></span> <span class='ocrx_word' id='word_1_129' title='bbox 731 1998 922 2086; x_wconf 80' lang='lat' dir='ltr'><strong>Pergamum</strong></span> <span class='ocrx_word' id='word_1_130' title='bbox 946 2003 990 2066; x_wconf 89' lang='lat' dir='ltr'><strong>ab</strong></span> <span class='ocrx_word' id='word_1_131' title='bbox 1011 2002 1054 2067; x_wconf 86' lang='lat' dir='ltr'><strong>iis</strong></span> <span class='ocrx_word' id='word_1_132' title='bbox 1067 2005 1102 2068; x_wconf 91' lang='lat' dir='ltr'><strong>in</strong></span> <span class='ocrx_word' id='word_1_133' title='bbox 1116 2002 1217 2069; x_wconf 83' lang='lat' dir='ltr'><strong>Creta</strong></span> 
     </span>
     <span class='ocr_line' id='line_1_17' title="bbox 109 2101 1216 2179; baseline 0 -12"><span class='ocrx_word' id='word_1_134' title='bbox 109 2102 264 2169; x_wconf 85' lang='lat' dir='ltr'><strong>conditur</strong></span> <span class='ocrx_word' id='word_1_135' title='bbox 277 2118 335 2179; x_wconf 92' lang='grc' dir='ltr'><strong>ιιι,</strong></span> <span class='ocrx_word' id='word_1_136' title='bbox 351 2102 426 2167; x_wconf 79' lang='lat'>132.</span> <span class='ocrx_word' id='word_1_137' title='bbox 440 2102 514 2167; x_wconf 81' lang='lat' dir='ltr'><strong>lae.</strong></span> <span class='ocrx_word' id='word_1_138' title='bbox 558 2101 683 2168; x_wconf 82' lang='lat' dir='ltr'><strong>Relicti</strong></span> <span class='ocrx_word' id='word_1_139' title='bbox 697 2105 731 2167; x_wconf 94' lang='lat' dir='ltr'><strong>in</strong></span> <span class='ocrx_word' id='word_1_140' title='bbox 746 2123 787 2167; x_wconf 86' lang='lat' dir='ltr'><strong>ea</strong></span> <span class='ocrx_word' id='word_1_141' title='bbox 800 2104 946 2167; x_wconf 90' lang='lat' dir='ltr'><strong>nonnulli</strong></span> <span class='ocrx_word' id='word_1_142' title='bbox 960 2122 1005 2165; x_wconf 81' lang='lat' dir='ltr'><strong>cx</strong></span> <span class='ocrx_word' id='word_1_143' title='bbox 1018 2102 1123 2167; x_wconf 86' lang='lat' dir='ltr'><strong>sociis</strong></span> <span class='ocrx_word' id='word_1_144' title='bbox 1135 2104 1216 2169; x_wconf 89' lang='lat' dir='ltr'><strong>ibid.</strong></span> 
     </span>
     <span class='ocr_line' id='line_1_18' title="bbox 109 2200 1218 2288; baseline -0.002 -19"><span class='ocrx_word' id='word_1_145' title='bbox 109 2222 144 2269; x_wconf 82' lang='lat' dir='ltr'><strong>r·</strong></span> <span class='ocrx_word' id='word_1_146' title='bbox 155 2204 237 2271; x_wconf 82' lang='lat' dir='ltr'><strong>leo.</strong></span> <span class='ocrx_word' id='word_1_147' title='bbox 290 2200 390 2269; x_wconf 78' lang='lat' dir='ltr'><strong>Alios</strong></span> <span class='ocrx_word' id='word_1_148' title='bbox 404 2210 556 2269; x_wconf 85' lang='lat' dir='ltr'><strong>auctores</strong></span> <span class='ocrx_word' id='word_1_149' title='bbox 571 2212 703 2269; x_wconf 87' lang='lat' dir='ltr'><strong>secutus</strong></span> <span class='ocrx_word' id='word_1_150' title='bbox 718 2203 871 2270; x_wconf 87' lang='lat' dir='ltr'><strong>Velleius</strong></span> <span class='ocrx_word' id='word_1_151' title='bbox 889 2220 914 2279; x_wconf 92' lang='lat'><strong>1,</strong></span> <span class='ocrx_word' id='word_1_152' title='bbox 930 2205 951 2267; x_wconf 89' lang='lat' dir='ltr'><strong>l</strong></span> <span class='ocrx_word' id='word_1_153' title='bbox 965 2224 1016 2286; x_wconf 91' lang='lat' dir='ltr'><strong>pr.</strong></span> <span class='ocrx_word' id='word_1_154' title='bbox 1041 2208 1051 2238; x_wconf 89' lang='lat'>‘</span> <span class='ocrx_word' id='word_1_155' title='bbox 1068 2206 1112 2267; x_wconf 84' lang='lat' dir='ltr'><strong>ab</strong></span> <span class='ocrx_word' id='word_1_156' title='bbox 1127 2202 1218 2288; x_wconf 73' lang='lat' dir='ltr'><strong>Aga-</strong></span> 
     </span>
     <span class='ocr_line' id='line_1_19' title="bbox 297 2300 1217 2389; baseline 0.005 -19.155"><span class='ocrx_word' id='word_1_157' title='bbox 297 2308 365 2369; x_wconf 88' lang='lat' dir='ltr'><strong>tres</strong></span> <span class='ocrx_word' id='word_1_158' title='bbox 376 2305 475 2367; x_wconf 88' lang='lat' dir='ltr'><strong>urbes</strong></span> <span class='ocrx_word' id='word_1_159' title='bbox 498 2306 532 2367; x_wconf 94' lang='lat' dir='ltr'><strong>in</strong></span> <span class='ocrx_word' id='word_1_160' title='bbox 556 2302 678 2381; x_wconf 86' lang='lat' dir='ltr'><strong>Creta,&#39;</strong></span> <span class='ocrx_word' id='word_1_161' title='bbox 699 2311 733 2368; x_wconf 88' lang='lat' dir='ltr'><strong>et</strong></span> <span class='ocrx_word' id='word_1_162' title='bbox 756 2306 792 2367; x_wconf 93' lang='lat' dir='ltr'><strong>in</strong></span> <span class='ocrx_word' id='word_1_163' title='bbox 814 2304 868 2368; x_wconf 89' lang='lat' dir='ltr'><strong>his</strong></span> <span class='ocrx_word' id='word_1_164' title='bbox 887 2300 1078 2389; x_wconf 82' lang='lat' dir='ltr'><strong>Pergamum</strong></span> <span class='ocrx_word' id='word_1_165' title='bbox 1102 2307 1217 2374; x_wconf 92' lang='lat' dir='ltr'><strong>condi-</strong></span> 
     </span>
     <span class='ocr_line' id='line_1_20' title="bbox 110 2400 1219 2485; baseline 0.004 -12"><span class='ocrx_word' id='word_1_166' title='bbox 110 2412 315 2473; x_wconf 78' lang='lat' dir='ltr'><strong>tumnarrat.</strong></span> <span class='ocrx_word' id='word_1_167' title='bbox 359 2400 413 2473; x_wconf 87' lang='lat' dir='ltr'><strong>De</strong></span> <span class='ocrx_word' id='word_1_168' title='bbox 426 2408 508 2471; x_wconf 85' lang='lat' dir='ltr'><strong>urbe</strong></span> <span class='ocrx_word' id='word_1_169' title='bbox 521 2407 584 2472; x_wconf 87' lang='lat' dir='ltr'><strong>hac</strong></span> <span class='ocrx_word' id='word_1_170' title='bbox 599 2407 642 2471; x_wconf 84' lang='lat' dir='ltr'><strong>cl.</strong></span> <span class='ocrx_word' id='word_1_171' title='bbox 659 2408 753 2470; x_wconf 83' lang='lat' dir='ltr'><strong>Serv.</strong></span> <span class='ocrx_word' id='word_1_172' title='bbox 769 2406 813 2471; x_wconf 85' lang='lat' dir='ltr'><strong>ad</strong></span> <span class='ocrx_word' id='word_1_173' title='bbox 830 2424 886 2485; x_wconf 89' lang='lat'><strong>111,</strong></span> <span class='ocrx_word' id='word_1_174' title='bbox 902 2407 979 2472; x_wconf 78' lang='lat'>133.</span> <span class='ocrx_word' id='word_1_175' title='bbox 994 2413 1027 2471; x_wconf 91' lang='lat' dir='ltr'><strong>et</strong></span> <span class='ocrx_word' id='word_1_176' title='bbox 1042 2407 1169 2476; x_wconf 80' lang='lat' dir='ltr'><strong>Mente.</strong></span> <span class='ocrx_word' id='word_1_177' title='bbox 1183 2413 1219 2477; x_wconf 92' lang='lat' dir='ltr'><strong>in</strong></span> 
     </span>
     <span class='ocr_line' id='line_1_21' title="bbox 110 2508 1219 2590; baseline 0 -15"><span class='ocrx_word' id='word_1_178' title='bbox 110 2508 214 2575; x_wconf 78' lang='lat' dir='ltr'><strong>Creta</strong></span> <span class='ocrx_word' id='word_1_179' title='bbox 226 2508 285 2574; x_wconf 79' lang='lat' dir='ltr'><strong>lrlr.</strong></span> <span class='ocrx_word' id='word_1_180' title='bbox 298 2526 325 2586; x_wconf 93' lang='grc' dir='ltr'><strong>ι,</strong></span> <span class='ocrx_word' id='word_1_181' title='bbox 341 2529 371 2573; x_wconf 90' lang='lat' dir='ltr'><strong>c.</strong></span> <span class='ocrx_word' id='word_1_182' title='bbox 386 2508 440 2585; x_wconf 83' lang='lat'><strong>13,</strong></span> <span class='ocrx_word' id='word_1_183' title='bbox 453 2508 614 2571; x_wconf 88' lang='lat' dir='ltr'><strong>adversus</strong></span> <span class='ocrx_word' id='word_1_184' title='bbox 628 2527 727 2590; x_wconf 90' lang='lat' dir='ltr'><strong>quem</strong></span> <span class='ocrx_word' id='word_1_185' title='bbox 742 2508 849 2572; x_wconf 87' lang='lat' dir='ltr'><strong>Servii</strong></span> <span class='ocrx_word' id='word_1_186' title='bbox 860 2508 971 2572; x_wconf 88' lang='lat' dir='ltr'><strong>locum</strong></span> <span class='ocrx_word' id='word_1_187' title='bbox 983 2514 1092 2572; x_wconf 89' lang='lat' dir='ltr'><strong>tuetur</strong></span> <span class='ocrx_word' id='word_1_188' title='bbox 1103 2508 1219 2583; x_wconf 75' lang='lat' dir='ltr'><strong>Ruhn-</strong></span> 
     </span>
     <span class='ocr_line' id='line_1_22' title="bbox 108 2607 1217 2692; baseline 0.001 -17"><span class='ocrx_word' id='word_1_189' title='bbox 108 2610 185 2676; x_wconf 85' lang='lat' dir='ltr'><strong>ken.</strong></span> <span class='ocrx_word' id='word_1_190' title='bbox 201 2610 246 2675; x_wconf 88' lang='lat' dir='ltr'><strong>ad</strong></span> <span class='ocrx_word' id='word_1_191' title='bbox 259 2609 381 2674; x_wconf 89' lang='lat' dir='ltr'><strong>Vellei.</strong></span> <span class='ocrx_word' id='word_1_192' title='bbox 408 2630 442 2692; x_wconf 88' lang='lat' dir='ltr'><strong>p.</strong></span> <span class='ocrx_word' id='word_1_193' title='bbox 457 2611 491 2672; x_wconf 77' lang='lat'><strong>4.</strong></span> <span class='ocrx_word' id='word_1_194' title='bbox 546 2607 635 2672; x_wconf 88' lang='lat' dir='ltr'><strong>Inter</strong></span> <span class='ocrx_word' id='word_1_195' title='bbox 659 2608 814 2692; x_wconf 88' lang='lat' dir='ltr'><strong>‘oppida</strong></span> <span class='ocrx_word' id='word_1_196' title='bbox 828 2607 937 2673; x_wconf 81' lang='lat' dir='ltr'><strong>Cretae</strong></span> <span class='ocrx_word' id='word_1_197' title='bbox 959 2609 1112 2691; x_wconf 85' lang='lat' dir='ltr'><strong>insignla’</strong></span> <span class='ocrx_word' id='word_1_198' title='bbox 1134 2609 1217 2677; x_wconf 91' lang='lat' dir='ltr'><strong>Per·</strong></span> 
     </span>
     <span class='ocr_line' id='line_1_23' title="bbox 108 2708 1216 2797; baseline 0.004 -22"><span class='ocrx_word' id='word_1_199' title='bbox 108 2728 242 2795; x_wconf 84' lang='lat' dir='ltr'><strong>gaurum</strong></span> <span class='ocrx_word' id='word_1_200' title='bbox 262 2717 431 2775; x_wconf 88' lang='lat' dir='ltr'><strong>enumerat</strong></span> <span class='ocrx_word' id='word_1_201' title='bbox 446 2709 532 2774; x_wconf 91' lang='lat' dir='ltr'><strong>Plin.</strong></span> <span class='ocrx_word' id='word_1_202' title='bbox 549 2724 589 2785; x_wconf 90' lang='lat'><strong>11,</strong></span> <span class='ocrx_word' id='word_1_203' title='bbox 606 2710 659 2774; x_wconf 79' lang='lat'><strong>12.</strong></span> <span class='ocrx_word' id='word_1_204' title='bbox 674 2710 729 2774; x_wconf 76' lang='lat'><strong>20.</strong></span> <span class='ocrx_word' id='word_1_205' title='bbox 780 2708 880 2787; x_wconf 87' lang='lat' dir='ltr'><strong>Quod</strong></span> <span class='ocrx_word' id='word_1_206' title='bbox 893 2710 929 2797; x_wconf 84' lang='lat' dir='ltr'><strong>in</strong></span> <span class='ocrx_word' id='word_1_207' title='bbox 942 2708 1045 2776; x_wconf 85' lang='lat' dir='ltr'><strong>Creta</strong></span> <span class='ocrx_word' id='word_1_208' title='bbox 1058 2713 1216 2794; x_wconf 81' lang='lat' dir='ltr'><strong>pestilens</strong></span> 
     </span>
     <span class='ocr_line' id='line_1_24' title="bbox 108 2796 1217 2894; baseline 0.004 -19"><span class='ocrx_word' id='word_1_209' title='bbox 108 2830 216 2875; x_wconf 87' lang='lat' dir='ltr'><strong>annus</strong></span> <span class='ocrx_word' id='word_1_210' title='bbox 229 2812 431 2894; x_wconf 86' lang='lat' dir='ltr'><strong>supervenit,</strong></span> <span class='ocrx_word' id='word_1_211' title='bbox 445 2811 615 2891; x_wconf 88' lang='lat' dir='ltr'><strong>ingeniose</strong></span> <span class='ocrx_word' id='word_1_212' title='bbox 628 2810 731 2894; x_wconf 70' lang='lat' dir='ltr'><strong>poeta</strong></span> <span class='ocrx_word' id='word_1_213' title='bbox 753 2829 798 2874; x_wconf 84' lang='lat' dir='ltr'><strong>ex</strong></span> <span class='ocrx_word' id='word_1_214' title='bbox 821 2810 864 2873; x_wconf 91' lang='lat' dir='ltr'><strong>iis</strong></span> <span class='ocrx_word' id='word_1_215' title='bbox 884 2796 1021 2889; x_wconf 78' lang='lat' dir='ltr'><strong>edinxit,</strong></span> <span class='ocrx_word' id='word_1_216' title='bbox 1043 2830 1121 2894; x_wconf 89' lang='lat' dir='ltr'><strong>quee</strong></span> <span class='ocrx_word' id='word_1_217' title='bbox 1137 2812 1217 2879; x_wconf 94' lang='lat' dir='ltr'><strong>Ido-</strong></span> 
     </span>
     <span class='ocr_line' id='line_1_25' title="bbox 107 2910 1216 2997; baseline 0.001 -17"><span class='ocrx_word' id='word_1_218' title='bbox 107 2934 228 2980; x_wconf 77' lang='lat' dir='ltr'><strong>meneo</strong></span> <span class='ocrx_word' id='word_1_219' title='bbox 242 2933 265 2977; x_wconf 88' lang='lat' dir='ltr'><strong>a</strong></span> <span class='ocrx_word' id='word_1_220' title='bbox 277 2912 384 2995; x_wconf 78' lang='lat' dir='ltr'><strong>&#39;l&#39;roja</strong></span> <span class='ocrx_word' id='word_1_221' title='bbox 397 2912 511 2976; x_wconf 85' lang='lat' dir='ltr'><strong>reduci</strong></span> <span class='ocrx_word' id='word_1_222' title='bbox 525 2913 690 2988; x_wconf 90' lang='lat' dir='ltr'><strong>evenisse,</strong></span> <span class='ocrx_word' id='word_1_223' title='bbox 708 2932 851 2995; x_wconf 83' lang='lat' dir='ltr'><strong>quaeque</strong></span> <span class='ocrx_word' id='word_1_224' title='bbox 866 2910 1001 2976; x_wconf 86' lang='lat' dir='ltr'><strong>Cretam</strong></span> <span class='ocrx_word' id='word_1_225' title='bbox 1014 2913 1056 2976; x_wconf 90' lang='lat' dir='ltr'><strong>dc</strong></span> <span class='ocrx_word' id='word_1_226' title='bbox 1070 2916 1216 2997; x_wconf 85' lang='lat' dir='ltr'><strong>pristinis</strong></span> 
     </span>
     <span class='ocr_line' id='line_1_26' title="bbox 108 3010 1218 3101; baseline -0.002 -20"><span class='ocrx_word' id='word_1_227' title='bbox 108 3017 234 3101; x_wconf 88' lang='lat' dir='ltr'><strong>opibus</strong></span> <span class='ocrx_word' id='word_1_228' title='bbox 249 3014 411 3099; x_wconf 88' lang='lat' dir='ltr'><strong>dejecisse</strong></span> <span class='ocrx_word' id='word_1_229' title='bbox 425 3019 657 3088; x_wconf 88' lang='lat' dir='ltr'><strong>memorantur,</strong></span> <span class='ocrx_word' id='word_1_230' title='bbox 673 3031 705 3073; x_wconf 89' lang='lat' dir='ltr'><strong>v.</strong></span> <span class='ocrx_word' id='word_1_231' title='bbox 722 3010 885 3075; x_wconf 86' lang='lat' dir='ltr'><strong>Herodot.</strong></span> <span class='ocrx_word' id='word_1_232' title='bbox 903 3028 970 3088; x_wconf 83' lang='grc' dir='ltr'><strong>ιιι,</strong></span> <span class='ocrx_word' id='word_1_233' title='bbox 982 3014 1059 3077; x_wconf 88' lang='grc'><strong>171.</strong></span> <span class='ocrx_word' id='word_1_234' title='bbox 1089 3014 1218 3079; x_wconf 91' lang='lat' dir='ltr'><strong>Eodem</strong></span> 
     </span>
     <span class='ocr_line' id='line_1_27' title="bbox 108 3113 1219 3199; baseline -0.002 -16"><span class='ocrx_word' id='word_1_235' title='bbox 108 3117 228 3183; x_wconf 82' lang='lat' dir='ltr'><strong>alludit</strong></span> <span class='ocrx_word' id='word_1_236' title='bbox 244 3116 365 3199; x_wconf 79' lang='lat' dir='ltr'><strong>Dictys</strong></span> <span class='ocrx_word' id='word_1_237' title='bbox 389 3131 438 3192; x_wconf 88' lang='lat' dir='ltr'><strong>vr,</strong></span> <span class='ocrx_word' id='word_1_238' title='bbox 454 3115 508 3192; x_wconf 92' lang='lat' dir='ltr'><strong>ll,</strong></span> <span class='ocrx_word' id='word_1_239' title='bbox 536 3115 634 3196; x_wconf 89' lang='lat' dir='ltr'><strong>cujus</strong></span> <span class='ocrx_word' id='word_1_240' title='bbox 658 3114 815 3194; x_wconf 86' lang='lat' dir='ltr'><strong>figmenta</strong></span> <span class='ocrx_word' id='word_1_241' title='bbox 840 3130 915 3176; x_wconf 89' lang='lat' dir='ltr'><strong>raro</strong></span> <span class='ocrx_word' id='word_1_242' title='bbox 938 3113 1137 3194; x_wconf 82' lang='lat' dir='ltr'><strong>antiquioris</strong></span> <span class='ocrx_word' id='word_1_243' title='bbox 1158 3117 1219 3181; x_wconf 89' lang='lat' dir='ltr'><strong>ali-</strong></span> 
     </span>
     <span class='ocr_line' id='line_1_28' title="bbox 110 3212 1182 3302; baseline -0.003 -19"><span class='ocrx_word' id='word_1_244' title='bbox 110 3217 206 3302; x_wconf 85' lang='lat' dir='ltr'><strong>cujus</strong></span> <span class='ocrx_word' id='word_1_245' title='bbox 220 3217 348 3281; x_wconf 72' lang='lat' dir='ltr'><strong>fabule</strong></span> <span class='ocrx_word' id='word_1_246' title='bbox 363 3216 417 3280; x_wconf 86' lang='lat' dir='ltr'><strong>vel</strong></span> <span class='ocrx_word' id='word_1_247' title='bbox 432 3216 638 3280; x_wconf 81' lang='lat' dir='ltr'><strong>auctoritatis</strong></span> <span class='ocrx_word' id='word_1_248' title='bbox 653 3213 758 3278; x_wconf 86' lang='lat' dir='ltr'><strong>fundo</strong></span> <span class='ocrx_word' id='word_1_249' title='bbox 771 3213 930 3279; x_wconf 85' lang='lat' dir='ltr'><strong>destituta</strong></span> <span class='ocrx_word' id='word_1_250' title='bbox 944 3212 1182 3295; x_wconf 77' lang='lat' dir='ltr'><strong>deprehendas·</strong></span> 
     </span>
     <span class='ocr_line' id='line_1_29' title="bbox 149 3314 1218 3398; baseline -0.004 -13"><span class='ocrx_word' id='word_1_251' title='bbox 149 3318 254 3385; x_wconf 88' lang='lat' dir='ltr'><strong>Sedis</strong></span> <span class='ocrx_word' id='word_1_252' title='bbox 277 3316 432 3383; x_wconf 74' lang='lat' dir='ltr'><strong>increta</strong></span> <span class='ocrx_word' id='word_1_253' title='bbox 451 3323 584 3381; x_wconf 71' lang='lat' dir='ltr'><strong>tentatae</strong></span> <span class='ocrx_word' id='word_1_254' title='bbox 610 3316 751 3398; x_wconf 88' lang='lat' dir='ltr'><strong>Dionys.</strong></span> <span class='ocrx_word' id='word_1_255' title='bbox 769 3332 794 3393; x_wconf 93' lang='lat'><strong>1,</strong></span> <span class='ocrx_word' id='word_1_256' title='bbox 808 3316 852 3380; x_wconf 82' lang='lat'><strong>50</strong></span> <span class='ocrx_word' id='word_1_257' title='bbox 875 3334 943 3379; x_wconf 92' lang='lat' dir='ltr'><strong>non</strong></span> <span class='ocrx_word' id='word_1_258' title='bbox 964 3316 1122 3392; x_wconf 87' lang='lat' dir='ltr'><strong>meminit,</strong></span> <span class='ocrx_word' id='word_1_259' title='bbox 1145 3314 1218 3394; x_wconf 90' lang='lat' dir='ltr'><strong>sed,</strong></span> 
     </span>
     <span class='ocr_line' id='line_1_30' title="bbox 109 3416 1219 3501; baseline -0.004 -15"><span class='ocrx_word' id='word_1_260' title='bbox 109 3420 166 3486; x_wconf 82' lang='lat' dir='ltr'><strong>roi</strong></span> <span class='ocrx_word' id='word_1_261' title='bbox 180 3420 226 3485; x_wconf 89' lang='lat' dir='ltr'><strong>de</strong></span> <span class='ocrx_word' id='word_1_262' title='bbox 242 3420 331 3485; x_wconf 89' lang='lat' dir='ltr'><strong>Delo</strong></span> <span class='ocrx_word' id='word_1_263' title='bbox 353 3424 602 3495; x_wconf 87' lang='lat' dir='ltr'><strong>memoraverat,</strong></span> <span class='ocrx_word' id='word_1_264' title='bbox 626 3416 802 3495; x_wconf 68' lang='lat' dir='ltr'><strong>‘Deinde’</strong></span> <span class='ocrx_word' id='word_1_265' title='bbox 824 3418 939 3501; x_wconf 91' lang='lat' dir='ltr'><strong>inquit,</strong></span> <span class='ocrx_word' id='word_1_266' title='bbox 964 3418 1025 3481; x_wconf 90' lang='lat' dir='ltr'><strong>‘in</strong></span> <span class='ocrx_word' id='word_1_267' title='bbox 1045 3416 1145 3481; x_wconf 88' lang='lat' dir='ltr'><strong>aliam</strong></span> <span class='ocrx_word' id='word_1_268' title='bbox 1169 3419 1219 3482; x_wconf 92' lang='lat' dir='ltr'><strong>in·</strong></span> 
     </span>
     <span class='ocr_line' id='line_1_31' title="bbox 110 3519 1220 3606; baseline -0.002 -18"><span class='ocrx_word' id='word_1_269' title='bbox 110 3520 479 3606; x_wconf 60' lang='lat' dir='ltr'><strong>manentemque</strong></span> <span class='ocrx_word' id='word_1_270' title='bbox 504 3527 579 3584; x_wconf 87' lang='lat' dir='ltr'><strong>ante</strong></span> <span class='ocrx_word' id='word_1_271' title='bbox 602 3519 866 3601; x_wconf 83' lang='lat' dir='ltr'><strong>Peloponnesum</strong></span> <span class='ocrx_word' id='word_1_272' title='bbox 888 3526 942 3583; x_wconf 89' lang='lat' dir='ltr'><strong>est</strong></span> <span class='ocrx_word' id='word_1_273' title='bbox 961 3520 1037 3596; x_wconf 88' lang='lat' dir='ltr'><strong>sita,</strong></span> <span class='ocrx_word' id='word_1_274' title='bbox 1061 3527 1220 3586; x_wconf 86' lang='lat' dir='ltr'><strong>venerunt</strong></span> 
     </span>
     <span class='ocr_line' id='line_1_32' title="bbox 112 3620 1215 3708; baseline 0 -21"><span class='ocrx_word' id='word_1_275' title='bbox 112 3624 334 3708; x_wconf 86' lang='lat' dir='ltr'><strong>templumque</strong></span> <span class='ocrx_word' id='word_1_276' title='bbox 361 3621 484 3686; x_wconf 91' lang='lat' dir='ltr'><strong>Veneri</strong></span> <span class='ocrx_word' id='word_1_277' title='bbox 514 3620 748 3688; x_wconf 62' lang='lat' dir='ltr'><strong>condiderunt!</strong></span> <span class='ocrx_word' id='word_1_278' title='bbox 811 3620 892 3686; x_wconf 91' lang='lat' dir='ltr'><strong>Hoc</strong></span> <span class='ocrx_word' id='word_1_279' title='bbox 922 3641 999 3685; x_wconf 91' lang='lat' dir='ltr'><strong>cum</strong></span> <span class='ocrx_word' id='word_1_280' title='bbox 1026 3621 1070 3685; x_wconf 87' lang='lat' dir='ltr'><strong>ad</strong></span> <span class='ocrx_word' id='word_1_281' title='bbox 1096 3623 1215 3687; x_wconf 82' lang='lat' dir='ltr'><strong>AEueae</strong></span> 
     </span>
     <span class='ocr_line' id='line_1_33' title="bbox 113 3719 1217 3807; baseline -0.002 -20"><span class='ocrx_word' id='word_1_282' title='bbox 113 3725 270 3807; x_wconf 85' lang='lat' dir='ltr'><strong>pictatem</strong></span> <span class='ocrx_word' id='word_1_283' title='bbox 296 3728 367 3787; x_wconf 87' lang='lat' dir='ltr'><strong>tam</strong></span> <span class='ocrx_word' id='word_1_284' title='bbox 395 3721 684 3787; x_wconf 86' lang='lat' dir='ltr'><strong>accommodatum</strong></span> <span class='ocrx_word' id='word_1_285' title='bbox 711 3725 813 3799; x_wconf 89' lang='lat' dir='ltr'><strong>esset,</strong></span> <span class='ocrx_word' id='word_1_286' title='bbox 841 3719 1052 3805; x_wconf 85' lang='lat' dir='ltr'><strong>Venerisque</strong></span> <span class='ocrx_word' id='word_1_287' title='bbox 1081 3724 1217 3786; x_wconf 90' lang='lat' dir='ltr'><strong>omnino</strong></span> 
     </span>
     <span class='ocr_line' id='line_1_34' title="bbox 116 3821 1217 3909; baseline -0.002 -22"><span class='ocrx_word' id='word_1_288' title='bbox 116 3840 214 3909; x_wconf 88' lang='lat' dir='ltr'><strong>opera</strong></span> <span class='ocrx_word' id='word_1_289' title='bbox 235 3831 306 3888; x_wconf 83' lang='lat' dir='ltr'><strong>tam</strong></span> <span class='ocrx_word' id='word_1_290' title='bbox 328 3825 481 3906; x_wconf 82' lang='lat' dir='ltr'><strong>frequens</strong></span> <span class='ocrx_word' id='word_1_291' title='bbox 505 3826 538 3888; x_wconf 93' lang='lat' dir='ltr'><strong>in</strong></span> <span class='ocrx_word' id='word_1_292' title='bbox 562 3822 702 3887; x_wconf 89' lang='lat' dir='ltr'><strong>AEneide</strong></span> <span class='ocrx_word' id='word_1_293' title='bbox 730 3824 784 3898; x_wconf 90' lang='lat' dir='ltr'><strong>sit,</strong></span> <span class='ocrx_word' id='word_1_294' title='bbox 809 3841 831 3886; x_wconf 90' lang='lat' dir='ltr'><strong>a</strong></span> <span class='ocrx_word' id='word_1_295' title='bbox 855 3821 997 3905; x_wconf 85' lang='lat' dir='ltr'><strong>Virgilio</strong></span> <span class='ocrx_word' id='word_1_296' title='bbox 1021 3824 1217 3905; x_wconf 87' lang='lat' dir='ltr'><strong>neglectum,</strong></span> 
     </span>
     <span class='ocr_line' id='line_1_35' title="bbox 118 3922 1220 4007; baseline -0.003 -17"><span class='ocrx_word' id='word_1_297' title='bbox 118 3926 240 3990; x_wconf 85' lang='lat' dir='ltr'><strong>mireris</strong></span> <span class='ocrx_word' id='word_1_298' title='bbox 253 3925 348 3991; x_wconf 82' lang='lat' dir='ltr'><strong>sorte.</strong></span> <span class='ocrx_word' id='word_1_299' title='bbox 395 3924 469 3989; x_wconf 91' lang='lat' dir='ltr'><strong>Nec</strong></span> <span class='ocrx_word' id='word_1_300' title='bbox 480 3924 578 3989; x_wconf 78' lang='lat' dir='ltr'><strong>facile</strong></span> <span class='ocrx_word' id='word_1_301' title='bbox 592 3927 741 4006; x_wconf 87' lang='lat' dir='ltr'><strong>ignorare</strong></span> <span class='ocrx_word' id='word_1_302' title='bbox 755 3923 969 3988; x_wconf 89' lang='lat' dir='ltr'><strong>doctissimus</strong></span> <span class='ocrx_word' id='word_1_303' title='bbox 984 3922 1086 4007; x_wconf 83' lang='lat' dir='ltr'><strong>po&#39;dta</strong></span> <span class='ocrx_word' id='word_1_304' title='bbox 1106 3922 1142 3985; x_wconf 93' lang='lat' dir='ltr'><strong>id</strong></span> <span class='ocrx_word' id='word_1_305' title='bbox 1157 3940 1220 4006; x_wconf 91' lang='lat' dir='ltr'><strong>po·</strong></span> 
     </span>
     <span class='ocr_line' id='line_1_36' title="bbox 122 4024 1217 4112; baseline 0.001 -25"><span class='ocrx_word' id='word_1_306' title='bbox 122 4024 185 4104; x_wconf 88' lang='lat' dir='ltr'><strong>tuit,</strong></span> <span class='ocrx_word' id='word_1_307' title='bbox 199 4025 259 4089; x_wconf 84' lang='lat' dir='ltr'><strong>sed</strong></span> <span class='ocrx_word' id='word_1_308' title='bbox 273 4026 468 4092; x_wconf 86' lang='lat' dir='ltr'><strong>derelictum</strong></span> <span class='ocrx_word' id='word_1_309' title='bbox 489 4026 533 4091; x_wconf 87' lang='lat' dir='ltr'><strong>ab</strong></span> <span class='ocrx_word' id='word_1_310' title='bbox 559 4024 634 4109; x_wconf 88' lang='lat' dir='ltr'><strong>ipso</strong></span> <span class='ocrx_word' id='word_1_311' title='bbox 660 4025 812 4109; x_wconf 88' lang='lat' dir='ltr'><strong>suspicor</strong></span> <span class='ocrx_word' id='word_1_312' title='bbox 836 4032 1022 4112; x_wconf 87' lang='lat' dir='ltr'><strong>propterea,</strong></span> <span class='ocrx_word' id='word_1_313' title='bbox 1048 4025 1217 4107; x_wconf 83' lang='lat' dir='ltr'><strong>quoniam,</strong></span> 
     </span>
    </p>
   </div>
   <div class='ocr_carea' id='block_1_5' title="bbox 938 4206 970 4271">
    <p class='ocr_par' dir='ltr' id='par_1_5' title="bbox 938 4206 970 4271">
     <span class='ocr_line' id='line_1_37' title="bbox 938 4206 970 4271; baseline 0 0"><span class='ocrx_word' id='word_1_314' title='bbox 938 4206 970 4271; x_wconf 54' lang='lat' dir='ltr'><strong>V</strong></span> 
     </span>
    </p>
   </div>
   <div class='ocr_carea' id='block_1_6' title="bbox 0 0 1336 4686">
    <p class='ocr_par' dir='ltr' id='par_1_6' title="bbox 0 0 1336 4686">
     <span class='ocr_line' id='line_1_38' title="bbox 0 0 1336 4686; baseline 0 0"><span class='ocrx_word' id='word_1_315' title='bbox 0 0 1336 4686; x_wconf 95' lang='lat' dir='ltr'><strong> </strong></span> 
     </span>
    </p>
   </div>
  </div>
 </body>
</html>
