2664 4686
540 361 787 412 Annonam.

110 506 292 571 Caeduntur
306 506 423 588 vigiles
436 513 470 572 et
483 512 598 571 mutua
612 526 754 590 corpora
767 491 911 584 fratrum,

108 608 214 677 Nisus
229 614 261 673 et
277 608 449 692 Euryalus,
462 615 564 674 morte
574 614 607 673 et
620 610 743 693 pietate
756 608 889 689 fideles3

111 709 268 792 Dumque
282 711 366 793 petit
378 711 520 787 laudem,
536 713 671 775 vincunt
684 711 846 775 contraria
858 709 937 774 sate.

111 809 285 875 Audacem
300 811 474 876 Remulum
490 814 556 879 lcto
570 811 629 875 dat
643 811 776 895 pulcher
790 811 895 879 Iulus.

588 977 735 1036 nucum.

110 1078 272 1144 Panditur
286 1082 410 1147 interea
422 1082 544 1146 coelum
559 1080 722 1164 sedesque
735 1080 909 1144 Tonantis.

111 1181 267 1246 Alternus
282 1188 419 1265 questus
433 1182 549 1247 Venus
564 1202 604 1246 ac
620 1181 772 1247 Saturnia
785 1186 949 1265 promunt.

112 1284 178 1348 Illa
192 1284 298 1362 dolos,
311 1284 386 1348 haeo
400 1286 498 1361 bella,
513 1290 640 1364 movet3
663 1284 722 1348 sed
735 1285 875 1348 vincitur
888 1285 939 1349 ira

113 1384 233 1449 Mater.
278 1382 324 1447 At
338 1385 464 1449 AEneas
476 1386 564 1448 bello
577 1405 645 1451 non
659 1385 790 1467 segnior
804 1386 926 1451 instate

112 1486 258 1550 Vulnere
274 1485 418 1552 Mezenti
432 1487 587 1553 *laedsem
601 1507 680 1551 nam
695 1486 816 1550 iecerat
830 1487 925 1565 iram,

113 1584 224 1664 Quem
237 1589 341 1670 tetigit
353 1590 467 1667 virtus,
483 1594 615 1673 superat
629 1608 687 1671 per
701 1586 772 1652 lata
786 1586 956 1670 periclum.

561 1757 763 1805 vnnssorass.

113 1854 287 1920 Oceanum
299 1857 420 1920 interea
433 1858 583 1922 Phoebus
598 1863 810 1945 superaverat
823 1861 908 1924 ortu.

114 1956 266 2022 Exstruit
279 1958 403 2023 AEneas
419 1958 533 2024 dextra
547 1959 688 2047 quaesita
702 1964 840 2042 tropaea,

113 2056 236 2123 Condit
248 2057 338 2122 humi
353 2061 477 2137 socios,
491 2059 593 2124 satum
608 2080 693 2142 quos
708 2059 859 2124 condidit
873 2065 958 2127 ante.

113 2155 232 2241 Legati
245 2180 403 2246 responsa
414 2161 531 2239 lerunt,
547 2163 742 2245 veniamque
755 2161 894 2246 petitam

114 2259 195 2323 Non
208 2266 313 2344 negat,
329 2268 363 2328 et
378 2269 492 2327 contra
506 2268 630 2347 pugnat
644 2280 762 2326 secura
777 2260 933 2338 Camilla,
990 2254 993 2261 ’
1050 2256 1060 2264 ’

115 2360 269 2427 Foemina
281 2363 374 2431 caede
387 2369 518 2448 potens,
531 2383 612 2429 casu
624 2363 797 2430 temeraria
809 2367 913 2430 tanto.

555 2528 780 2578 nuoossolm.

115 2627 248 2694 Turnus
262 2636 301 2695 ut
314 2631 470 2698 infractos
484 2632 569 2697 vidit
581 2632 725 2697 cessisse
740 2631 890 2708 Ietinos,

115 2729 224 2795 Instat
237 2736 333 2796 atrox
347 2754 482 2817 pugnae,
499 2735 520 2777 ⁵
534 2753 635 2799 neces
649 2734 714 2798 sibi
728 2733 871 2819 percipit
884 2731 1000 2811 nostis,

116 2830 258 2898 Pectore
267 2840 392 2900 secreto
405 2837 547 2901 violatur
560 2838 693 2901 vulnere
708 2838 774 2914 teli,

117 2932 246 2998 AEneas
260 2942 437 3002 causaest.
482 2936 536 3001 Illi
550 2937 573 3000 J
575 2943 694 3001 nturna
706 2938 839 3018 neganti

116 3032 225 3100 Affuit
238 3037 411 3121 obsequio,
427 3056 503 3107 cum
517 3055 607 3103 mors
621 3036 769 3103 firiiverat
781 3039 874 3103 iram.

117 3135 187 3200 Sed
201 3157 264 3203 sua
277 3138 347 3205 tata
359 3141 468 3208 virum
481 3144 649 3207 truxerrmt
662 3159 808 3224 quaerere
821 3143 968 3205 mortem.

618 3319 728 3375 Norffi

151 3451 183 3497 51
202 3445 325 3498 Discedit
341 3463 357 3497 a
374 3448 482 3514 Virgilio
496 3449 652 3501 Scholaetlcl
723 3455 756 3501 68
770 3463 899 3514 pugnaque
918 3447 981 3498 nicee
996 3446 1051 3512 jam
1067 3443 1222 3497 Oudendor-

117 3522 225 3583 lerion
243 3525 337 3587 partim
355 3527 491 3576 verborum
508 3527 651 3591 propriete·
691 3526 750 3591 plna
767 3525 932 3586 emendarit3
951 3529 978 3574 et
994 3536 1053 3572 mox
1070 3526 1165 3585 pectore
1181 3522 1223 3570 sed

120 3606 174 3649 tem
189 3599 297 3649 deserit.
691 3605 764 3651 mea
798 3600 868 3653 Quid
896 3599 935 3648 eti
961 3610 1072 3661 pereum
1098 3595 1223 3659 interer'pr't

152 3681 185 3726 5³
200 3676 467 3741 Siuadubiqpetunt.
691 3679 765 3728 hodie
777 3679 892 3728 Foedero:
909 3680 998 3725 secreto
1015 3673 1224 3723 vomerum

152 3756 184 3802 57
210 3754 251 3801 ead
270 3753 375 3804 uacuo
395 3756 435 3805 tro
457 3757 547 3809 Mater.
592 3760 651 3811 Quo
692 3755 734 3804 eeu
752 3756 848 3804 AEaeaa
882 3755 960 3802 Causa
982 3755 1018 3799 eet
1038 3748 1077 3800 sni
1096 3750 1224 3798 detersa:

118 3834 226 3892 spectet
243 3830 347 3892 nescio;
375 3846 424 3882 nec
445 3833 471 3882 in
490 3849 563 3899 seqq.
581 3834 652 3899 quic·
690 3829 789 3891 matti
813 3827 895 3893 ΔΜ
920 3825 1038 3890 mab.
1070 3826 1129 3876 June
1153 3825 1224 3874 Mars

119 3919 198 3969 quam
214 3905 331 3958 seniest.
364 3908 476 3959 Videtur
486 3909 519 3960 de
530 3909 606 3961 Lausi
625 3913 652 3958 et
684 3902 1003 3972 fiaiaomiromredas.

119 3980 246 4033 Mezentii
257 3982 328 4033 crede
339 3982 382 4046 egi
395 3984 500 4036 debere.
