2664 4686
473 318 524 366 in
540 317 807 370 nunrnosurs.
820 322 913 377 ·v111,.
1136 310 1227 377 tata

109 462 229 526 mulus
243 465 276 526 et
289 460 424 528 Romus
436 461 606 542 hctentes,
628 470 744 548 raptus
768 464 976 543 Sabinarum,
999 484 1088 531 mox*
1100 469 1225 534 bellum

111 564 301 630 attandem
315 564 428 629 foedus
443 567 554 630 ictum.
600 565 684 630 Meti
708 565 843 631 Fuffetii
865 569 1080 651 supplicium,
1105 570 1168 635 emi
1182 571 1227 637 ad

100 678 252 732 'sensam
266 673 411 730 nostrum
424 667 525 730 nimis
539 666 665 730 loedum
679 673 713 731 et
731 667 962 747 aversandum,
987 678 1026 734 ut
1041 670 1115 753 jam
1136 671 1224 736 dixi·

112 787 204 845 mus,
233 767 325 832 duris
360 767 587 833 Romanorum
614 770 754 852 ingeniis
780 769 862 834 sorte
898 772 1007 834 minus
1043 770 1225 856 displicuit.

115 865 211 932 Urbs
224 887 247 931 a
261 867 431 932 Porsenna
446 869 595 947 obsessa,
609 870 760 935 revulsus
771 871 816 935 ab
827 870 971 935 Horatio
986 871 1115 938 Coclite
1128 894 1225 957 pons,

115 966 323 1052 Capitolium
338 990 361 1034 a
374 968 485 1034 Gallis
501 972 687 1049 obsessum,
714 976 748 1035 ct
771 990 793 1035 a
815 969 944 1036 Manlio
965 979 1226 1057 propugnatum

116 1069 286 1135 Saliorum
313 1058 458 1151 saltatio,
485 1073 712 1157 Lupercorum
730 1073 914 1151 discursus,
937 1080 1159 1140 matronarum
1176 1077 1228 1141 in·

114 1172 250 1238 vectio:
273 1178 351 1237 sunt
373 1174 447 1238 haec
468 1173 560 1252 talia,
585 1192 661 1256 quaa
677 1193 778 1257 opere
792 1176 968 1259 exsculpto
982 1195 1142 1260 expressa
1154 1177 1227 1263 plu·

117 1291 196 1337 core
208 1280 396 1357 potuerunt.

123 1422 129 1435 .
161 1374 351 1455 Enimvero,
365 1378 468 1455 dices,
480 1375 719 1465 ramaliaque
733 1377 774 1443 ab
789 1376 910 1463 artifice
925 1377 1014 1442 reddi
1028 1378 1209 1466 nequierant

114 1477 153 1541 in
175 1477 227 1541 lris
251 1479 330 1543 illa:
364 1480 546 1545 ‘Incedunt
567 1483 666 1548 victas
692 1483 791 1564 longo
818 1483 931 1546 ordine
959 1488 1083 1565 gentes,
1114 1481 1227 1561 Quam

113 1580 225 1644 varia
247 1581 385 1663 linguis,
402 1584 516 1648 habitu
538 1590 608 1648 tam
630 1586 731 1649 vestis
756 1590 790 1648 et
814 1582 982 1648 aura-et
1004 1585 1108 1667 paulo
1131 1589 1226 1649 aute:

117 1679 311 1747 ‘Omnibus
335 1686 370 1748 in
393 1687 523 1769 templis
544 1692 685 1751 matrum
712 1686 842 1762 chorus,
873 1685 1027 1749 omuibus
1056 1684 1134 1750 arae’
1162 1690 1226 1752 cto.

114 1785 130 1817 ‘
140 1800 256 1848 arcum
268 1786 456 1852 intendebat
470 1787 594 1871 Apollo
608 1789 771 1871 Desuper,
784 1786 889 1850 omnis
903 1804 944 1850 eo
960 1791 1083 1852 terrore
1098 1787 1227 1873 AEgyp·

115 1890 174 1949 tus
199 1891 232 1950 et
254 1886 342 1965 Indi,
369 1888 485 1953 Omnis
508 1888 629 1968 Arabs,
653 1909 767 1953 omnes
781 1889 955 1953 vertebant
975 1892 1068 1970 terga
1089 1887 1227 1955 Sabat?

115 1985 215 2051 Talis
228 2007 309 2053 vero
322 1992 532 2073 reprehensio
545 1993 723 2070 hominem,
733 1991 814 2055 artis
828 1991 910 2055 sorte
923 1991 1043 2055 notitia
1052 1992 1227 2072 imbutum,

115 2087 268 2172 podices
282 2093 397 2176 utique
412 2093 601 2176 imperitum
614 2097 774 2174 argueret.
820 2090 881 2154 Fst
899 2091 986 2154 euim
999 2091 1063 2154 hoc
1078 2092 1114 2154 in
1126 2091 1232 2174 polita

116 2195 233 2255 metro
247 2212 369 2275 magno
384 2197 514 2277 ingenio
527 2200 561 2258 et
575 2200 645 2258 arte
665 2192 802 2270 sactum,
827 2192 918 2274 quod
940 2197 1092 2255 omatum
1117 2193 1229 2278 injecit

116 2297 277 2375 nuquam
289 2301 414 2360 vestem
427 2296 621 2360 narrationis
634 2294 787 2370 nuditati,
810 2312 872 2356 nec
892 2293 974 2356 satis
992 2310 1065 2355 esse
1086 2295 1228 2375 putavit,

117 2397 307 2461 describere
321 2417 406 2480 opus
420 2399 627 2474 toreuticum,
651 2397 686 2459 in
708 2397 803 2480 cujus
826 2395 962 2459 veritate
984 2393 1147 2458 servanda
1158 2395 1229 2460 uul-
1320 2466 1326 2490 x

116 2497 188 2562 lam
211 2499 277 2563 sibi
303 2500 436 2564 videbat
460 2500 651 2581 religionem
675 2517 750 2562 esse
768 2497 972 2580 impositam.
1017 2493 1092 2559 Nec
1105 2495 1170 2561 hoc
1185 2495 1229 2561 ad

117 2604 223 2663 artem
252 2602 402 2684 pertinet,
439 2607 497 2665 aut
533 2600 747 2664 excusatione
783 2595 1019 2683 adjuvandum,
1055 2600 1113 2660 aut
1146 2597 1230 2662 inter

117 2700 272 2784 poeticas
286 2703 440 2767 licentias
455 2702 669 2779 referendum,
685 2699 773 2784 quod
788 2701 849 2765 viri
865 2699 955 2763 docti
969 2698 1096 2763 faciunt
1107 2694 1227 2783 (Misc.

118 2799 224 2866 Obss.
237 2802 335 2868 Tom.
353 2820 377 2880 r,
392 2825 428 2888 p.
443 2804 498 2868 20.
515 2820 565 2880 1v,
590 2824 626 2887 p.
639 2803 716 2880 198,
740 2808 775 2866 et
794 2802 975 2870 Burmann.
996 2800 1030 2865 h.
1046 2801 1069 2864 l.
1086 2799 1129 2864 ad
1144 2815 1228 2878 vrri,

102 2903 198 2982 Μ,
215 2909 249 2969 ct
262 2906 305 2969 ad
321 2906 400 2969 AEn.
416 2922 441 2980 1,
457 2902 557 2988 487);
580 2923 693 2968 verum
708 2902 856 2986 politices
874 2903 930 2967 lex
945 2909 979 2965 et
990 2908 1107 2965 natura
1119 2902 1230 2967 facere

114 3004 225 3089 jubet,
239 3013 276 3071 ut
287 3027 340 3072 res
355 3008 398 3071 ab
413 3013 483 3071 arte
497 3024 675 3089 expressas
689 3006 732 3067 iis
747 3002 881 3066 auxiliis
902 3008 936 3064 et
956 3002 1078 3077 modis,
1107 3003 1230 3084 quibus

118 3107 181 3172 illa
208 3108 308 3185 valet,
341 3108 444 3193 poeta
471 3108 637 3191 exprimat
664 3106 734 3168 suis
763 3103 931 3168 coloribus
957 3106 990 3164 et
1019 3103 1231 3165 ornamentis.

122 3209 215 3273 Hinc
229 3211 352 3275 tuenda
365 3211 423 3275 illa
436 3232 468 3275 v.
483 3211 549 3275 aad
564 3208 733 3271 ‘Mulcere
746 3202 911 3282 alternos,'
933 3209 1013 3266 etv.
1027 3201 1094 3266 697
1119 3199 1231 3265 ‘Nec-

120 3312 203 3376 dum
224 3314 325 3378 etiam
348 3315 496 3396 geminos
520 3332 541 3375 a
563 3317 655 3391 tergo
668 3307 802 3392 respicit
816 3302 959 3388 angues?
1004 3302 1096 3368 Nam
1118 3301 1230 3386 politas

120 3416 197 3479 lroec
211 3421 299 3493 sunt,
314 3435 376 3480 nec
391 3416 434 3479 ab
449 3414 573 3478 artifice
589 3412 665 3476 duae
681 3411 814 3494 aspides
828 3425 996 3492 expressae
1011 3410 1113 3469 crant.
1157 3403 1231 3469 Sic-

120 3537 189 3601 que
213 3523 262 3582 tot
285 3518 352 3582 alia
377 3518 421 3582 ad
448 3522 600 3581 ornatum
624 3515 760 3591 faciunt,
776 3516 837 3595 ,aut
850 3508 984 3594 poetica
998 3507 1233 3590 phantasmata

122 3619 297 3704 objiciunt,
321 3619 442 3703 quibus
456 3619 660 3682 inflammato
673 3634 766 3679 mens
780 3614 882 3677 multa
895 3609 1001 3685 videt,
1024 3627 1101 3693 quar
1127 3608 1232 3673 seusi-

123 3723 187 3784 bus
201 3721 352 3813 subjecta
372 3740 438 3785 non
460 3726 554 3784 sunt:
578 3723 588 3751 ‘
602 3718 700 3782 Illum
722 3713 903 3796 indignanti
917 3710 1060 3774 similem
1073 3709 1232 3774 similem·

121 3838 190 3907 'que
203 3825 342 3888 minanti
359 3821 546 3911 Aspiceres’
562 3828 626 3887 otc.
670 3818 738 3883 Sed
762 3819 797 3880 in
820 3817 884 3893 his,
910 3815 945 3878 in
967 3814 1088 3898 quibus
1109 3829 1172 3894 pro
1193 3827 1231 3873 se

123 3926 269 4009 quisque
293 3926 393 3991 facile
416 3927 558 3990 disertus
583 3945 656 3989 esse
677 3926 798 4008 potest,
823 3918 983 3983 disertum
999 3934 1074 3979 esse
1087 3910 1168 3976 nihil
1182 3914 1232 3972 at·

122 4032 376 4196 tmet:tiicillima
398 4129 508 4213 operis
533 4126 722 4194 declarandi
745 4127 779 4189 at
804 4115 1060 4196 commendandi¹
1079 4130 1158 4200 pars
1176 4116 1232 4177 est
