2664 4686
548 318 746 371 BXGUBSUB
769 321 811 370 lt.

456 614 815 694 EXCURSUS
843 616 899 692 ΙΙ.

1252 710 1255 747 Ι

420 838 472 888 DE
487 839 666 890 ERRORUM
682 838 797 889 AENEAE
815 837 939 890 ANNIS.

172 998 229 1063 nr,
251 984 274 1049 8
296 981 394 1049 ‘Vix
416 985 523 1067 primu
546 986 715 1067 inceperat
738 989 859 1064 sestas3
891 983 936 1049 Et
957 990 1053 1069 pater
1066 984 1221 1052 Anchises

17 1148 30 1161 ,,
64 1146 68 1157 ,
127 1086 206 1151 dare
220 1087 385 1151 iatisvela
403 1085 565 1170 jubebat?
620 1085 693 1151 Etsi
717 1088 751 1149 in
772 1086 873 1168 pocta
885 1090 1072 1170 temporum
1084 1089 1222 1153 rationes

34 1174 37 1179 ¹
127 1189 293 1253 subtiliter
313 1189 444 1270 exigere
470 1187 555 1250 velle
579 1189 801 1270 importunum
826 1187 922 1264 foret,
938 1187 1041 1252 multo
1067 1189 1185 1271 magis,
1197 1180 1225 1285 sl

126 1289 226 1354 tacite
249 1308 291 1352 ea
315 1293 489 1371 praetereat
509 1293 568 1351 aut
588 1289 697 1350 minus
710 1287 843 1352 definite
859 1294 1009 1371 apponat
1022 1289 1097 1373 ipse
1111 1289 1221 1374 potita:

126 1390 156 1453 si
171 1394 281 1454 tamen
304 1393 487 1472 temporum
510 1389 684 1451 momentis
705 1388 762 1451 vel
782 1388 971 1453 cardinibus
991 1409 1153 1473 expresse
1172 1379 1222 1454 adss

122 1491 224 1574 jectis
239 1490 340 1555 semel
354 1489 501 1552 animum
516 1479 646 1552 adhaec
662 1489 867 1565 converterit,
876 1508 918 1552 ne
927 1495 1046 1554 temere
1060 1489 1096 1553 id
1111 1490 1222 1555 fecisse

126 1593 285 1669 videatur,
300 1591 365 1676 ipsi
381 1592 495 1673 utique
509 1589 689 1653 curandum
708 1594 759 1652 est
772 1588 1030 1671 diligentissime.
1087 1591 1158 1656 Sed
1171 1590 1221 1656 lra-

125 1693 181 1757 bet
203 1695 310 1757 etiam·
329 1691 373 1756 ad
395 1690 500 1754 multa
523 1689 675 1753 AEneidis
698 1688 774 1753 loca
795 1690 1010 1773 inprimisque
1031 1691 1132 1775 hujus
1153 1684 1221 1757 libri

126 1792 324 1858 declaranda
347 1810 500 1873 magnam
523 1789 708 1866 utilitatem,
733 1797 771 1853 ut
791 1809 916 1854 errores
932 1792 1047 1856 AEneae
1066 1794 1102 1856 in
1125 1812 1221 1859 annos

125 1912 207 1957 suos
234 1892 400 1975 dispertiri
427 1891 550 1973 possis,
572 1896 606 1954 et
624 1891 786 1955 doctrinae
810 1893 987 1976 exquisita
1002 1892 1137 1977 Virgilii
1152 1914 1222 1980 pars

124 2013 189 2058 uon
204 1993 328 2076 exigua
340 2011 383 2057 ea
394 2012 429 2056 re
444 1992 637 2056 continetur.
691 1992 818 2058 Pendet
831 2000 940 2057 cirtem
960 2000 1032 2060 tota
1046 1997 1114 2060 sere
1128 2017 1222 2064 anno·

123 2093 353 2159 rumretioex
377 2092 436 2157 illo
461 2111 561 2157 versu
585 2093 645 2156 lib.
671 2111 696 2170 1,
720 2095 786 2160 759
807 2099 911 2158 ‘nam
937 2101 968 2160 te
989 2097 1061 2181 jam
1086 2101 1222 2183 septima

124 2201 234 2278 portat
248 2193 411 2259 Omnibus
424 2197 583 2257 ementem
595 2193 690 2257 terris
715 2212 755 2258 ac
775 2195 931 2260 fluctibus
944 2195 1071 2275 esus:
1161 2272 1165 2281 ¹
1183 2218 1222 2265 ex

123 2296 167 2361 iis
191 2297 316 2374 verbis,
343 2315 419 2378 quse
445 2313 548 2378 supra
575 2295 802 2378 ascripsimus,
832 2312 890 2374 ιιι,
919 2296 953 2375 8,
983 2317 1053 2381 quo
1145 2317 1222 2385 pore

124 2394 250 2458 AEneas
264 2392 435 2460 Antandro
448 2396 594 2460 solverit.
639 2394 776 2460 Scilicet
806 2404 812 2417 ⁸

169 2515 202 2561 a.
225 2514 258 2562 o.
282 2512 320 2561 u.
432 2546 442 2557 .
939 2497 1096 2566 nomm
1111 2504 1221 2569 AEneoe

188 2597 276 2661 1184
575 2597 682 2682 Troja
696 2607 797 2683 capta
1053 2622 1087 2669 a.
1110 2606 1132 2669 1

123 2694 184 2759 nst
197 2696 227 2758 is
241 2715 261 2758 e
275 2697 401 2778 vulgari
417 2698 629 2780 computandi
644 2701 770 2765 ratione
784 2721 816 2766 a.
827 2719 866 2766 ιι.
882 2702 980 2769 2820.
992 2720 1026 2768 r.
1042 2721 1069 2770 ι.
1084 2705 1222 2772 3530.-

122 2800 198 2859 ante
212 2796 351 2878 primam
374 2796 508 2881 Olymp.
529 2818 561 2861 a.
575 2801 641 2865 408
656 2821 700 2867 ex
715 2803 882 2868 Eratostb.
899 2803 1028 2870 Canon.
1054 2810 1125 2891 (ap.
1142 2808 1222 2874 Dio·

122 2895 192 2960 dor.
207 2913 232 2974 1,
246 2895 298 2980 5.)
321 2904 355 2963 et
373 2919 479 2963 annus
504 2901 571 2966 434
594 2921 661 2968 sec.
716 2904 863 2969 Marmor
888 2903 1222 2975 mundet—tandem

121 3001 195 3062 aute
220 3015 257 3063 ιι.
284 3017 317 3064 c.
342 3020 447 3066 annus
472 3002 548 3066 481.
605 3002 790 3070 Firmarunt
812 3026 933 3071 annum
954 3009 1016 3072 viri
1031 3009 1125 3075 docti
1140 3012 1221 3077 adeo

120 3099 260 3165 calculis
283 3104 536 3169 astronomicis:
574 3107 694 3189 quibus
720 3108 772 3171 vir
795 3111 932 3173 acuties
958 3109 1078 3175 (libert
1101 3112 1242 3196 adjecit·

119 3219 223 3285 nuper
252 3203 389 3287 eclipsin
416 3221 547 3270 xxvrrr
572 3204 771 3289 Angustia.
797 3217 872 3275 ante
902 3229 935 3276 o.
961 3212 1049 3277 1185
1073 3214 1222 3300 adeoque

118 3320 216 3379 auno,
231 3306 288 3385 qui
302 3306 470 3369 excidium
484 3308 575 3371 urbis
589 3311 773 3391 praecessit,
796 3311 938 3378 factem:
970 3333 1069 3396 quam
1096 3335 1223 3398 qurere-

118 3399 177 3464 bat
199 3402 234 3462 in
258 3403 347 3466 coelo
371 3417 449 3487 post
472 3406 675 3490 Sarpedonis
700 3418 835 3476 mortem
860 3415 1039 3479 obscurato
1064 3415 1166 3483 Iliad.
1183 3424 1221 3493 Π,

118 3501 194 3564 567.
251 3501 363 3586 Trojae
379 3506 546 3570 excidium
560 3509 663 3591 paulo
678 3517 753 3574 ante
768 3514 946 3577 solstitium
961 3515 1120 3580 aestivum
1145 3518 1221 3582 inci·

118 3599 219 3678 disse,
235 3604 320 3666 miro
334 3623 500 3670 consensu
524 3609 567 3683 (si
582 3609 780 3693 AEscbylum
807 3617 979 3698 exceperis
1002 3613 1125 3698 Agura-
1148 3620 1222 3685 835.

116 3701 193 3783 ἀμφὶ
211 3703 355 3766 Πλειάδων
369 3705 455 3785 δύσιν,
481 3727 558 3792 quae
582 3717 773 3776 autumnum
796 3715 928 3780 innuere
951 3713 1097 3802 videtur)
1123 3721 1223 3787 tradit

116 3811 212 3887 vetris
236 3804 380 3885 Graecia,
397 3829 512 3874 mense
532 3803 664 3895 quidem
678 3813 907 3898 Tbergelione‚
932 3819 994 3881 etsi
1021 3819 1055 3881 in
1078 3819 1137 3885 die
1158 3840 1221 3887 non

113 3907 197 3971 satis
219 3909 282 3971 sibi
305 3917 468 3975 coustant.
529 3912 574 3977 V.
599 3916 749 3998 inprimis
772 3919 1016 3983 nobilissimum
1044 3922 1158 3988 locum
1177 3942 1221 3988 ex

113 4013 225 4073 vetere
240 4008 412 4093 Euripidis
434 4011 622 4078 Scholiaste
647 4023 811 4082 servatum
827 4021 870 4084 ab
886 4018 1010 4085 Ursino
1024 4022 1070 4086 ad
1085 4022 1163 4088 AEn.
1180 4040 1219 4101 ιι,

113 4107 190 4187 955,
204 4115 237 4177 et
249 4131 271 4176 a
284 4111 409 4197 Scalig.
421 4110 464 4179 de
480 4113 618 4183 Emend.
634 4120 733 4202 temp.
751 4119 810 4186 lib.
827 4138 849 4185 v
864 4123 1047 4190 exolutum
1070 4124 1122 4211 (v.-
1146 4144 1218 4211 sup.
