2664 4686
555 334 614 387 ¹nr
637 334 821 395 urnurmo.
846 336 850 349 ·
1126 324 1223 413 iffi

162 484 250 549 Turn
265 483 408 569 Ballista
420 483 535 553 rudem
544 486 658 567 lingna
671 487 832 551 titubante
846 486 1016 569 rweptmr

118 583 264 652 Instituit
277 587 432 671 primum,
448 605 548 668 qnem
561 606 629 650 nox
643 587 805 663 armabat,
822 589 856 650 in
868 587 995 651 umbris

117 686 275 754 Grussari
290 686 444 767 solitum
466 687 591 751 crimen
605 687 755 759 doctrina
766 690 913 771 tegebut3
955 718 958 723 ·

119 785 207 852 Mox
221 787 392 871 patefacto.
404 790 466 853 viri
480 808 596 874 pressa
609 795 661 853 est
672 789 819 856 audacia
833 792 940 855 saxis.

117 889 244 954 Incidit
256 890 385 954 titulum
402 891 549 975 juvenis,
561 913 628 976 quo
641 894 783 978 pignora
795 893 885 959 natis

116 992 243 1057 Edidit.
288 991 462 1078 Auspiciis
482 995 614 1061 suffecit
627 1015 728 1080 poena
741 995 902 1079 magistri.

116 1099 126 1126 ‘
145 1093 258 1160 Monte
272 1097 335 1160 sub
349 1097 413 1161 hoc
426 1097 573 1180 lapidum
587 1099 702 1181 tegitur
718 1099 863 1177 Ballista
873 1098 1033 1183 sepultus.

111 1238 115 1245 -
161 1202 171 1229 ‘
188 1195 299 1262 Nocte
314 1197 368 1265 die
380 1203 489 1263 tntum
502 1219 602 1284 carpe
615 1203 723 1266 viator
737 1199 822 1266 iter!

117 1296 194 1362 Nos
208 1302 318 1363 tamen
330 1298 395 1364 hoc
405 1301 559 1382 brevius;
581 1301 676 1366 sifus
690 1304 845 1368 simulare
861 1302 1054 1369 Maronem:

107 1404 128 1465 .‘
145 1399 319 1464 Ballistam
330 1420 392 1466 sua
409 1421 513 1484 poena
522 1403 617 1486 tegit3
641 1405 778 1468 viatuta
790 1424 850 1489 por
865 1423 977 1471 auras.

116 1505 127 1534 ‘
143 1499 213 1565 Hic
228 1501 371 1567 Ballista
389 1502 495 1586 jaret,
517 1512 606 1572 oeno
621 1506 706 1589 pede
719 1526 820 1591 perge
833 1508 955 1574 viator.

114 1606 126 1636 ‘
142 1601 284 1668 carcere
303 1611 453 1670 montoso
468 1606 602 1672 clausus
617 1608 760 1673 Ballista
773 1613 908 1686 tenetur,

160 1709 170 1739 ‘
186 1704 302 1769 Securi
321 1705 449 1771 fraudis
461 1709 587 1791 pergite
600 1714 709 1787 nocte,
725 1710 811 1774 viri.

116 1805 235 1886 ‘Quid
249 1808 398 1894 trepidas
411 1808 543 1874 tande·
566 1830 682 1893 gressu
700 1813 887 1896 pavitante,
900 1815 1032 1880 uiatori

162 1913 172 1943 ‘
187 1909 396 1979 Nocturnum
409 1911 515 1977 furem
534 1930 659 1978 meus
672 1914 779 1979 imber
791 1914 901 1982 habet.

112 2018 124 2047 ⁴
142 2013 294 2078 Ballistae
306 2014 412 2079 vitam
424 2016 534 2098 rapuit
547 2016 646 2100 lapis,
660 2016 734 2099 ipse
752 2018 942 2102 sepulcrum

162 2120 172 2148 ⁴
187 2114 322 2198 Intulit3
345 2118 463 2183 umbra
475 2135 600 2182 nocere
612 2116 758 2202 pendula
771 2138 858 2185 saxa
869 2121 988 2187 tremit.
1130 2112 1132 2116 ὗ

115 2222 127 2251 ‘
143 2216 291 2282 Crimina
303 2219 441 2285 latronis
452 2217 648 2303 dignissima
657 2238 762 2303 poena
775 2219 919 2289 ooiircet.

160 2324 170 2352 ‘
185 2319 349 2385 Duritium
362 2322 485 2388 mentis
497 2320 639 2387 dammi
654 2322 780 2406 nhiqde
791 2323 902 2408 lupis'
937 2367 940 2371 ·

115 2421 209 2487 Hinc
226 2421 352 2489 Culicis
368 2424 459 2490 tonui
474 2424 623 2508 proelusit
636 2423 752 2490 funcra
763 2445 882 2492 versu:

161 2530 171 2558 ⁴
187 2524 298 2590 Parve
317 2527 426 2605 culex,
441 2545 599 2611 pecorum
613 2529 727 2591 custos
740 2527 802 2592 tibi
812 2528 878 2595 talo
890 2528 1025 2593 merarii

160 2635 168 2661 ‘
187 2628 325 2694 Funeris
338 2623 495 2707 officinm,
510 2629 588 2694 uitae
602 2647 663 2712 pro
676 2647 820 2707 munere,
832 2628 962 2696 reddit!

112 2729 201 2795 Tum
217 2730 275 2795 tibi
295 2731 466 2816 Syronem,
480 2729 591 2809 Maro,
606 2731 747 2798 contulit
759 2732 834 2816 ipsa
847 2732 1040 2817 magistrum

113 2831 367 2918 Romapotens,
382 2852 605 2918 proceresque
617 2852 697 2899 suos
711 2833 773 2900 tibi
787 2835 903 2918 junxit
915 2838 1054 2903 amicos.
1164 2854 1166 2859 ·

115 2934 239 3013 Pollio,
256 2932 439 3014 Maecenas,
450 2933 586 3012 Varius,
598 2933 774 3000 Cornelius
794 2936 929 3019 urdent;

114 3034 159 3101 Et
172 3036 238 3100 sibi
253 3038 394 3122 quisque
407 3037 509 3121 rapit,
523 3056 582 3120 per
594 3045 627 3101 te
641 3038 788 3103 victuum
810 3037 845 3103 in
859 3056 981 3105 aevnm·

159 3136 262 3203 Musa
276 3139 376 3205 refer:
399 3161 475 3224 quae
490 3158 595 3205 causa
607 3138 671 3204 snit
690 3157 890 3224 componere
903 3139 1031 3206 librosi

113 3240 288 3309 sumserat
309 3239 483 3325 Augustus
496 3260 604 3307 rorum
617 3239 845 3309 moderamina
858 3237 1041 3326 princeps.'

111 3342 136 3408 J
139 3363 193 3408 am
210 3345 302 3410 necis
317 3346 400 3410 ultor
410 3350 482 3409 erat
499 3344 636 3428 patriae:
654 3342 730 3428 jam
748 3342 842 3410 oaedo
855 3343 1006 3429 priorum

114 3443 276 3512 Persnsas
290 3448 383 3512 acies
396 3447 513 3530 legitur
527 3446 641 3513 visura
654 3445 841 3531 Philippos.

115 3545 256 3613 Cassius
270 3549 337 3628 hic,
349 3546 468 3632 Magni
481 3547 618 3628 vindex,
627 3552 661 3613 et
674 3547 798 3613 Brutus
812 3547 848 3612 in
861 3567 961 3627 nrmrs

114 3644 293 3742 Interannt.
337 3647 467 3728 Victor,
481 3647 629 3715 mudum
650 3653 823 3714 contentus
836 3649 975 3733 opimis,

610 3810 717 3864 NO'I'AE

144 3921 178 3967 td
193 3916 220 3966 ir.
237 3916 295 3982 ipra
312 3916 428 3982 lapidum
447 3924 532 3970 strues
549 3918 574 3969 ei
594 3933 643 3985 pro
715 3917 812 3981 nolon
827 3917 899 3983 aaa,
915 3919 943 3969 ir.
959 3918 1101 3983 exercitur,
1117 3919 1217 3986 iegitur,

112 3991 293 4044 tnrnnloinit:
313 3994 457 4058 ipoehpinz
474 3995 644 4060 sinopem
683 3994 817 4058 scubitnr,
839 4002 959 4059 peretur,
982 3995 1010 4046 in
1031 3996 1216 4048 itwedonim

110 4082 180 4132 m,
195 4067 244 4119 sub
254 4067 348 4135 quintu
358 4069 451 4119 mera
458 4070 567 4134 tremit,
583 4076 642 4122 tun·
682 4069 944 4121 itermrdedncondn
954 4070 989 4122 nd
1000 4082 1113 4138 pugnarn
1121 4069 1217 4126 incien-

110 4147 517 4214 numerosiorem.
682 4145 743 4198 dnnr
754 4147 773 4196 1.
786 4144 909 4209 Persam.

142 4226 179 4277 u
191 4224 245 4289 κζ·
278 4223 399 4289 πῶς·
418 4243 423 4257 “
546 4248 549 4253 “
600 4246 604 4255 ’
619 4246 625 4253 ”
