2664 4686
361 298 412 346 an
434 295 603 347 suaisca
626 295 697 346 ura.
723 297 772 347 iv.
1029 280 1116 349 ⁴177

355 606 705 686 EXCURSUS
741 607 779 682 Ι.

240 814 319 881 ΑΙ)
355 815 643 883 AENEIDOS
682 814 794 881 LIB.
831 812 896 883 IV.

145 1044 201 1095 DE
225 1044 373 1097 DIDONE
394 1047 556 1102 musana:
576 1047 768 1107 saloninus
790 1047 838 1098 ΕΤ
859 1045 991 1099 ΕΤΑΊῈ.

92 1206 120 1269 Ι,
146 1190 179 1255 si
214 1190 401 1256 historicam
429 1193 528 1257 fidem
557 1179 716 1276 sequaris,
747 1192 891 1259 Didonis
923 1200 1007 1261 aetas
1036 1195 1115 1281 plus

92 1308 123 1357 Ι
146 1309 214 1356 nnc
241 1295 337 1358 annis
363 1314 385 1358 a
405 1294 520 1379 'froja
536 1295 670 1359 excidio
684 1294 870 1379 AEnaaeqne
884 1297 1046 1361 erroribus
1058 1292 1119 1362 ab·

92 1410 125 1459 aa
135 1394 238 1476 vulgo
251 1401 395 1461 narratur
406 1393 519 1480 (qnod
521 1398 594 1483 jam
608 1416 630 1461 a
644 1397 762 1463 Servio
776 1398 986 1463 observatum
999 1398 1119 1465 rideas

92 1512 111 1560 Ρ.
122 1494 243 1580 aaa.»
271 1497 371 1561 modo
383 1499 419 1563 iu
433 1499 624 1565 accusando
637 1501 738 1564 modo
752 1501 788 1565 in
799 1500 991 1577 excusando
1008 1498 1120 1583 podia,

92 1594 244 1663 maenis
263 1598 435 1687 'amonius
460 1600 602 1665 AEueam
626 1601 801 1685 implicuit,
826 1598 921 1665 multi
945 1600 1036 1664 docti
1056 1600 1120 1665 viri

92 1696 149 1763 dm
161 1716 296 1782 opernm
310 1719 405 1765 snam
418 1706 607 1784 posuerunt.
663 1700 729 1766 Sed
751 1701 836 1769 hauc
857 1701 1120 1786 disputationem

92 1816 197 1883 quam
224 1799 433 1883 attingamus,
462 1801 542 1880 alia,
568 1820 671 1886 euque
694 1808 808 1877 nostro
837 1802 970 1888 quidem
991 1800 1120 1886 judicio

92 1900 160 1978 ior,
174 1904 317 1986 qnaestio
332 1909 382 1967 est
395 1903 613 1987 expedienda,
626 1924 727 1987 quam
752 1904 912 1989 intactam
935 1902 1005 1969 iera
1022 1902 1120 1969 relin-

92 2001 218 2081 rideas,
240 2005 319 2089 quid
337 2003 470 2073 taudem
495 2003 629 2089 potam
653 2006 697 2071 ad
719 2006 805 2091 quuc
829 2006 1063 2087 cogitationem
1078 2022 1120 2068 ac

92 2102 194 2169 tilium
219 2105 400 2170 adduxisse
422 2106 527 2171 videri
550 2110 671 2191 possit,
700 2113 738 2172 ut
765 2105 911 2177 Didonis
937 2124 1065 2169 amores
1087 2105 1122 2169 in

92 2222 151 2271 am
164 2224 260 2271 sumn
273 2207 428 2272 infamati
461 2227 586 2273 casune
610 2227 655 2272 au
675 2208 800 2275 ratione
816 2226 861 2271 an
883 2205 1035 2288 exemplo
1055 2204 1122 2269 hoc

92 2304 230 2371 nimam
242 2308 392 2390 episodio
406 2326 489 2372 usus
503 2309 559 2385 sit,
580 2326 656 2375 cum
670 2306 739 2371 alia
752 2306 836 2377 forta
852 2324 927 2371 cnm
941 2312 1122 2387 temporum

92 2424 148 2473 ma
160 2406 267 2490 magis
281 2414 501 2473 consentanea
515 2408 559 2473 ad
572 2427 706 2472 manum
720 2408 860 2472 essenti

92 2526 142 2573 m
167 2507 249 2591 quid
276 2507 409 2592 podta'
399 2529 435 2574 m
458 2514 531 2574 tota
554 2510 618 2574 hac
643 2509 772 2585 ratione
799 2512 933 2577 secutus
959 2508 1014 2585 sit,
1043 2507 1122 2572 dum

92 2624 163 2675 nm
175 2608 220 2672 ad
234 2606 361 2675 Africae
375 2609 469 2674 littus
482 2614 680 2694 tempestate
702 2608 914 2683 atrocissima
938 2612 1049 2672 actum
1062 2608 1123 2672 ad-

92 2706 138 2787 ut,
151 2713 190 2774 et
211 2728 316 2793 snpra
336 2715 389 2774 est
407 2712 606 2795 expositum,
621 2711 689 2774 et
666 2728 721 2787 us,
737 2730 795 2794 qur
784 2709 997 2793 Odysseam
1012 2710 1122 2773 animo

92 2812 144 2887 ut,
166 2809 345 2875 obscurum
366 2828 443 2875 esse
464 2811 588 2895 nequit.
644 2808 730 2875 Cum
744 2811 832 2883 euim
845 2808 982 2895 Ulyssis
996 2826 1122 2874 errores

92 2924 157 2976 i-ax
171 2910 248 2975 aliis
261 2913 417 2994 periculis
431 2932 471 2977 ac
485 2912 622 2977 casibus
636 2917 704 2975 tum
726 2930 769 2975 ex
791 2912 962 2994 managio
976 2911 1124 2975 maxima
1261 2944 1264 2948 ⁴

92 3012 226 3085 Mona
240 3011 375 3096 Ulyssis
389 2992 425 3078 in
439 3015 582 3096 ignotam
601 3019 733 3089 terram,
756 3013 895 3085 multum
911 3011 1033 3074 habere
1047 3028 1122 3074 sua·

92 3112 136 3179 tis
146 3113 336 3197 vanamque
348 3116 568 3180 narrationem
588 3112 725 3189 videret,
745 3130 820 3181 cnm
834 3111 865 3174 is
880 3111 947 3177 alia
959 3109 1038 3174 loca
1051 3114 1123 3173 tun·

110 3215 275 3299 attigisse,
297 3214 372 3280 aliis
396 3214 602 3299 aliquamdiu
625 3215 819 3279 immoratus
846 3230 920 3276 essa
942 3210 1124 3293 diceretur3

92 3314 244 3401 jejunam
257 3320 290 3380 et
303 3336 420 3401 parum
433 3336 569 3381 suavem
583 3337 678 3381 snam
699 3315 798 3381 vallet
811 3333 887 3379 esse
901 3312 1124 3379 narrationem

92 3414 195 3482 hta
209 3419 433 3501 navigatione,
446 3419 510 3482 hoc
525 3418 612 3483 idem
630 3419 696 3482 sibi
711 3416 798 3482 vidit
810 3432 885 3489 asse
907 3413 1121 3499 sequendum,

92 3512 332 3585 baamreutis
346 3540 386 3615 ac
401 3520 554 3605 procellis
569 3540 591 3585 a
605 3540 702 3585 cursu
716 3518 912 3607 dejectnm'
902 3537 937 3581 1n
961 3520 1123 3582 remotam

92 3638 154 3701 am,
168 3618 210 3684 de
224 3639 392 3703 qnanova
414 3642 454 3687 ac
477 3622 561 3685 mira
580 3622 736 3705 quaedam
761 3621 886 3687 narrari
901 3623 1048 3703 possent,
1063 3638 1122 3685 ax·

92 3725 167 3785 met.
211 3718 298 3786 Gum
312 3728 420 3787 autem
439 3724 474 3788 iu
497 3722 585 3788 illari
602 3722 893 3803 mediterraneas
905 3721 1123 3787 ‘l'roadever-

92 3818 239 3903 lialiam,
251 3826 419 3907 navigatio
433 3824 532 3902 daret,
544 3826 575 3888 si
589 3843 702 3888 omnes
713 3825 822 3888 auimo
831 3823 990 3894 littorales
1001 3822 1123 3908 plagas
1239 3833 1243 3842 '

92 3940 232 4004 mans,
247 3925 338 3990 nulla
359 3927 456 3992 facila
482 3924 698 4013 op'portnnior
724 3931 810 3990 terra
837 3926 974 4010 cogitari
1000 3927 1123 4007 potest,

92 4042 136 4103 m,
149 4044 218 4111 qna
231 4045 313 4092 usus
334 4033 386 4092 ast
408 4027 522 4112 potita,
542 4026 834 4113 Carthaginiensis.
887 4026 966 4091 Jam
980 4026 1124 4110 primum

92 4114 117 4187 d
143 4123 301 4192 Amasis
328 4129 537 4213 potissimum
563 4116 654 4196 littus
681 4128 784 4195 adira·
799 4133 977 4221 tempestas
1012 4125 1124 4209 coiigit

95 4238 213 4308 napaei
228 4244 359 4294 racia
566 4246 634 4309 vag.
995 4243 1057 4307 ιιι
