2664 4686
513 372 518 379 '
557 367 784 418 1.·1111111111.
1134 361 1220 425 4411

122 548 131 560 .
160 503 268 579 notitia
282 505 327 567 lit.
341 507 473 568 Rom.'et
487 507 606 587 Seriptt.
622 511 687 568 Lat.
703 511 736 569 P.
755 526 793 571 ιι.
819 531 887 591 pag.
911 521 982 584 297.
1009 523 1041 575 et
1061 515 1221 578 Pananum

158 602 191 660 iu
207 603 313 662 Annal.
327 613 443 682 typogr.
458 603 495 664 T.
513 622 550 664 11.
565 625 633 684 pag.
649 617 720 666 411.
734 625 796 685 seq.

114 706 216 767 147οι
225 700 338 760 Veneta
351 717 373 759 ι.
384 700 438 760 sol.
450 704 559 780 Opera.
574 704 648 777 (scil.
661 705 813 775 bucolica,
828 706 987 783 Georgica·
997 707 1115 781 AEneis.)
1129 694 1233 767 Vene-¹

121 840 128 849 .
155 794 216 867 tiis,
230 813 284 873 per
295 796 480 857 llinrlelinunr
492 800 529 857 dc
543 799 647 877 Spita.
657 803 696 859 lu
711 799 770 860 line
784 801 969 882 subscriptos
983 804 1072 864 babet
1087 821 1202 863 versus:

62 907 71 918 ·
242 892 413 967 Progenitus
428 895 505 971 spira
519 896 620 955 formis
635 907 830 958 monumenta
838 900 965 959 maronis

282 985 365 1052 Haec
380 987 545 1049 uiudelinus
559 991 675 1070 scripsit
687 992 915 1070 apud-uenetos.

241 1079 376 1154 Laudent
388 1102 458 1160 ergo
471 1086 520 1144 alii
535 1088 699 1165 polycletos
712 1090 917 1166 parrhasiosuc

268 1176 318 1235 :Et
332 1180 454 1255 quosuis
468 1182 541 1241 alios
554 1182 582 1241 id
598 1204 689 1261 genua
703 1184 837 1246 artifices.

129 1342 134 1353 .
238 1268 383 1349 Ingenuas
398 1275 529 1354 quisquis
545 1294 690 1339 musarum
704 1279 800 1360 diligit
812 1291 889 1342 artes

284 1368 318 1424 ln
330 1370 431 1445 primis
446 1371 539 1449 ipsum
555 1375 691 1436 laudibus
706 1375 825 1437 afficiet.

115 1456 123 1462 '
241 1462 305 1522 Nec
322 1483 390 1522 uero
405 1474 517 1526 tantum
531 1471 601 1546 quia
617 1472 708 1530 multa
723 1473 888 1534 uolumina:
912 1482 1051 1553 quantum

281 1560 319 1627 Q.
335 1561 512 1639 perpulchra
526 1564 611 1623 simul
623 1566 795 1644 optimaque
807 1568 953 1627 exhibeat.

540 1676 578 1720 Μ.
602 1677 694 1722 cccc.
714 1680 796 1722 axx.

112 1745 118 1751 ’
153 1747 246 1808 conf.
270 1751 374 1811 Burius
399 1752 428 1811 iu
453 1753 591 1832 Bibliogr.
617 1755 785 1817 instructius
808 1778 835 1817 n.
858 1756 949 1827 2659.
971 1766 1001 1818 et
1024 1758 1173 1819 erevenna
1188 1755 1217 1815 in

154 1844 252 1905 Catal.
267 1846 400 1907 raisound
416 1850 482 1909 Vol.
498 1867 552 1910 ιιι.
568 1854 635 1931 pa‘g.
652 1861 719 1924 189.
734 1872 816 1932 seqq.
831 1854 883 1930 qui
897 1873 961 1913 earn
974 1852 1138 1932 principem
1153 1871 1217 1911 esse

152 1950 307 2017 putarunt.

112 2065 150 2087 0·
180 2036 313 2097 Romana
338 2055 376 2099 ιι.
401 2059 437 2099 ex
462 2043 659 2118 recognitione
683 2046 732 2103 Jo.
756 2044 881 2101 Andreae
896 2041 1035 2120 Episcopi
1049 2040 1216 2124 Aleriensis,

153 2153 210 2214 per
231 2134 397 2193 Conradum
420 2137 602 2214 Sueynlreim
625 2145 655 2195 et
670 2136 834 2195 Arnoldum
858 2136 1011 2206 Pannartr,
1032 2144 1062 2195 et
1080 2155 1148 2195 curn
1162 2135 1217 2194 du·

152 2231 227 2311 plici
242 2231 416 2309 praelatione
428 2233 476 2293 lo.
492 2233 653 2303 aleriensis,
674 2233 768 2293 altera
782 2232 820 2291 ad
837 2231 957 2291 Paulum
973 2247 1012 2291 ιι.
1030 2239 1061 2291 et
1072 2228 1164 2309 aba
1176 2231 1232 2314 ad¹

153 2327 352 2407 Pomponium
368 2330 491 2389 Laetunr.
507 2349 531 2388 s.
556 2327 779 2397 lufortunatum‚
803 2346 838 2387 er
853 2326 938 2403 cujus
951 2325 1063 2387 Codice
1076 2327 1217 2406 antiquis·

152 2423 241 2495 pinro,
264 2424 434 2500 majusculis
456 2425 673 2485 characteribus
697 2424 817 2502 scripto,
849 2431 983 2503 pobrnata
1010 2434 1073 2482 turn
1093 2424 1216 2503 Virgilii,

152 2530 216 2581 tunr
241 2520 309 2589 alia,
341 2541 409 2598 quae
431 2521 594 2591 adbaerent,
622 2521 684 2598 jam
706 2520 841 2579 exhibuit
864 2518 1061 2598 castigatiora.
1103 2518 1137 2578 ln
1157 2517 1214 2579 line

154 2616 243 2675 iidem
259 2617 397 2693 leguntur
410 2637 517 2688 versus,
538 2618 588 2696 qui
604 2617 632 2676 in
651 2619 781 2677 Romana
795 2619 905 2695 prima:

419 2712 579 2790 ‘Adspicis
594 2714 711 2774 illustris
726 2714 837 2784 lector,'
856 2723 914 2774 etc.

150 2808 204 2868 t‘ol.
229 2809 290 2866 sinc
311 2816 380 2867 nota
400 2808 476 2879 anni,
499 2809 550 2868 sed
565 2811 643 2870 circa
658 2830 705 2871 au.
725 2819 810 2879 1171.
828 2811 978 2889 impressa.
1001 2810 1112 2870 Pauzer
1124 2808 1212 2867 Tom.

153 2920 196 2963 ιι.
218 2922 286 2981 pag.
301 2911 361 2965 425
377 2923 439 2980 seq.

107 3008 187 3067 1471
214 3001 325 3058 Veneta
341 3015 380 3059 ιι.
396 2999 546 3070 bucolica,
560 2999 715 3077 Georgica,
739 2999 844 3069 AEneis,
868 3019 935 3058 curn
951 3015 1033 3059 xtra.
1057 2997 1134 3057 libro
1149 2999 1213 3058 lila-

150 3096 231 3173 pbaci
245 3096 338 3173 Vegii.
353 3117 377 3154 s.
394 3096 413 3154 Ι.
428 3096 567 3163 venetiis,
590 3115 643 3173 per
655 3095 802 3154 Arlamum
817 3095 886 3153 Rot.
902 3093 952 3154 fol.
985 3095 1019 3152 ln
1032 3090 1110 3152 fine:

231 3191 396 3250 Minciadae
410 3192 579 3269 quicunque
595 3190 677 3267 cupit
693 3209 870 3268 cognoscere
885 3189 957 3249 vatis
1253 3164 1259 3197 ¹

222 3286 380 3357 *Carmina
403 3306 456 3346 seu
469 3286 603 3364 quisquis
619 3285 690 3361 Vegi
704 3284 789 3344 simul
803 3293 888 3363 optat
903 3284 1010 3344 habere

109 3401 112 3406 ’
232 3382 284 3441 Me
298 3382 395 3461 legat:
416 3392 468 3442 aut
480 3381 576 3441 fratris
592 3401 683 3459 parvo
699 3401 851 3442 numerosa
863 3381 996 3440 iuventus

111 3485 121 3512 ·'
230 3478 298 3537 Uno
312 3477 476 3556 codemque
491 3498 596 3537 sumus·
605 3478 695 3554 pressi
710 3478 880 3555 sesquisque
894 3478 1019 3556 locoque

229 3573 298 3632 Non
312 3572 453 3631 Salomon
468 3593 563 3650 neque
578 3575 689 3652 Hyraur
704 3594 762 3632 nou
779 3573 928 3633 Daedalus
943 3581 1005 3653 atq.
1017 3573 1131 3654 Sibylla
1168 3579 1170 3583 ’

229 3668 361 3728 Graecia·
370 3688 427 3728 non
441 3670 578 3728 omnibns
593 3669 774 3746 sapientibus
788 3669 896 3746 inclyta
911 3688 941 3746 q.
957 3689 988 3747 q.

227 3765 297 3823 Non
312 3766 398 3824 armis
416 3767 510 3824 Roma
524 3769 628 3842 potens
640 3762 853 3842 aequandaque
866 3764 952 3823 Divis

229 3861 332 3919 Gloria
347 3861 466 3921 iactavit
480 3861 531 3920 tali
546 3880 609 3922 sese
622 3872 682 3920 arte
696 3859 843 3919 decoram.

230 3956 293 4014 Nos
305 3957 393 4034 igitur
406 3957 521 4037 peperit
535 3967 647 4035 patrem
663 3956 715 4033 qui
729 3955 846 4015 nomine
860 3955 986 4034 priorum

230 4052 341 4113 Retulit
354 4053 427 4114 alter
439 4054 545 4116 Ababa
559 4075 567 4115 ι
589 4053 689 4113 lormis
704 4051 897 4135 quos-prasii
908 4049 1019 4112 ahenis.

435 4182 437 4187 ·
514 4200 517 4204 Α
553 4162 798 4217 Mccccuxxt.'‘
