2692 4974
397 351 449 399 sn
472 313 645 401 susurros
675 351 747 400 ms.
773 351 828 399 rx.
1074 334 1165 403 m

99 494 336 579 suspectabat.
379 493 484 578 Atqui
497 512 559 558 nec
581 495 678 558 aliter
690 494 766 557 AEu.
783 511 808 573 ι,
823 495 887 561 227
911 494 980 560 ‘Et
996 495 1069 580 jam
1089 496 1166 563 linis

99 602 154 678 st3
177 616 254 660 cum
271 595 404 679 Jupiter
426 596 547 661 aethere
569 616 698 660 summo
724 598 926 680 Despicieus
944 598 1166 664 mare-Cou-

99 700 146 767 ilit
159 705 194 765 et
216 700 333 784 Iibyae
353 699 471 765 defixit
497 700 622 764 lumina
642 701 768 782 regnis!
812 699 934 765 Iterum
948 702 1007 765 lib.
1022 716 1087 777 vu,
1101 701 1168 768 286

99 820 151 867 mo
165 803 212 866 ab
228 798 330 884 Argis
343 801 448 865 redux
459 799 551 889 sorte
566 802 728 885 prospicit
739 802 881 865 AEueam
895 801 937 865 ad
955 802 1063 866 ltaliae
1077 803 1168 868 littus

99 920 206 969 issem
220 903 451 986 appellantem,
463 909 497 967 et
511 919 583 978 xii,
599 903 664 967 134
687 901 760 968 ‘'At
771 901 893 967 Junoe
908 903 1168 969 summo-Pro·

99 1002 212 1071 iniens
224 1001 360 1069 tumulo'
376 1009 439 1068 etc.
468 1003 609 1069 Delendi
624 1003 707 1067 sorte
720 1011 859 1087 possunt
871 1005 948 1068 loca
962 1005 1019 1069 ius.
1034 1006 1093 1069 lib.
1111 1020 1168 1084 xi,

99 1106 218 1188 Heqq.
233 1120 306 1182 xn,
321 1106 388 1170 792
402 1124 478 1187 sqq.
524 1103 569 1169 Et
582 1111 659 1169 sunt
672 1105 739 1168 alia
753 1105 881 1170 felicius
895 1107 1053 1185 instituta,
1062 1115 1100 1172 ut
1110 1108 1167 1172 lib.

99 1207 265 1289 ',2l9sq.
297 1222 333 1284 V,
353 1207 420 1271 604
435 1226 487 1289 sq.
531 1203 633 1289 Apud
662 1206 846 1271 Homerum
873 1209 966 1272 Deos
991 1207 1107 1273 sedere
1135 1215 1169 1273 et

99 1308 268 1374 ehivorum
280 1306 566 1392 Trojauorumque
580 1309 695 1391 praelia
717 1309 909 1392 prospicere
922 1327 988 1373 uon
1002 1311 1169 1386 miramur,

99 1426 140 1473 nu
167 1412 281 1491 partes
310 1407 456 1472 Deomm
484 1407 627 1491 quisque
654 1428 734 1473 suas
759 1410 898 1474 tuendas
926 1412 1103 1475 sustineat:
1133 1415 1169 1474 at

99 1508 190 1593 pollo
203 1507 258 1572 hic
279 1508 406 1573 otiosus
421 1508 518 1592 plane
533 1508 659 1587 sedere,
675 1530 734 1575 nec
748 1511 848 1592 polita
862 1512 945 1577 satis
959 1510 1098 1593 provide
1111 1529 1169 1574 cu·

99 1626 159 1675 see
177 1609 283 1673 videri
305 1615 426 1693 potest,
450 1617 489 1676 ut
510 1612 583 1695 ejus
606 1612 849 1676 solicitudinem
875 1611 918 1675 de
946 1612 1037 1675 exitu
1061 1629 1169 1674 rerum

99 1710 240 1777 ›mmodo
253 1712 330 1776 loco
349 1719 627 1778 commemoraret.
672 1713 709 1776 Si
723 1719 834 1778 tamen
848 1712 1004 1776 subtilius
1030 1730 1071 1775 ac
1094 1710 1169 1776 dili·

99 1813 193 1877 ntius
210 1811 382 1890 deliberes,
397 1815 508 1879 statim
530 1814 640 1878 auimo
655 1820 827 1879 occurrent
848 1814 940 1879 haec:
964 1811 1089 1898 Apollo
1102 1832 1170 1877 nou

99 1912 165 1980 cdo
189 1915 419 1979 vaticiniomm
442 1915 484 1980 de
499 1917 615 1982 AEueae
630 1922 664 1982 et
683 1917 886 2000 posteritatis
909 1916 944 1978 iu
968 1914 1069 1980 Italia
1091 1914 1169 1978 sede

99 2018 191 2092 ictor,
219 2014 374 2098 idemque
398 2017 470 2101 jam
498 2017 589 2101 apud
618 2016 801 2082 Homerum
826 2015 1108 2099 'l'rojauis'rebus
1137 2020 1171 2079 et

99 2112 184 2180 Μ
208 2115 354 2194 studens,
369 2116 450 2182 fuit:
475 2135 590 2181 verum
615 2118 671 2181 ille
685 2118 786 2181 etiam
803 2117 887 2180 inter
909 2116 1002 2179 Deos
1018 2116 1169 2198 inprimis

104 2221 190 2293 erat,
206 2218 264 2299 qui
279 2224 406 2298 gentem
420 2217 442 2282 J
445 2219 547 2282 uliam
562 2219 683 2300 insigni
696 2218 820 2292 favore,
833 2217 1004 2297 insigniter
1014 2236 1073 2301 per
1086 2235 1170 2299 pug-

99 2336 142 2383 un
168 2314 347 2382 Actiacam
369 2317 538 2383 declarato
561 2316 648 2402 (vid.
674 2336 749 2399 sup.
767 2332 850 2392 v111,
864 2317 930 2382 704
953 2320 1072 2400 8044),
1101 2334 1170 2380 am·

99 2423 279 2499 ecteretur3
303 2419 456 2502 idemque
485 2419 640 2483 Palatino
667 2418 790 2499 templo
819 2422 955 2482 ornatus
983 2417 1057 2481 fuit.
1101 2416 1170 2481 Sed

110 2518 188 2585 eliis
202 2520 288 2584 locis
310 2520 477 2585 meliorem
491 2522 652 2586 rationem
669 2520 790 2602 reperit
811 2516 922 2595 Maro,
938 2525 975 2583 ut
989 2519 1048 2582 lib.
1065 2536 1090 2596 1,
1106 2519 1171 2584 1²8

99 2640 156 2705 pq„
168 2623 227 2686 ubi
249 2621 447 2707 ‘Neptunus
460 2641 580 2705 magno
592 2621 726 2686 misceri
739 2639 902 2685 murmure
911 2626 1049 2704 pontum
1063 2619 1172 2684 Emis-

99 2740 206 2806 unque
228 2723 379 2806 hyemem
403 2725 505 2788 sensit
513 2723 534 2804 3'
563 2724 620 2788 lib.
637 2739 688 2800 iv,
711 2721 777 2786 219
799 2721 892 2786 audit
909 2720 1043 2805 Jupiter
1054 2740 1171 2804 preces

99 2824 189 2901 u'boe,
205 2826 302 2890 etsie
323 2824 488 2890 Didonem
503 2826 709 2910 AEneamque
716 2826 865 2909 respicit.
909 2823 958 2889 Ut
977 2831 1087 2890 tamen
1100 2825 1135 2889 h.
1149 2824 1173 2888 l.

99 2925 236 3009 pollinis
264 2946 367 3009 opera
391 2933 543 3002 uteretur,
558 2928 711 2992 inductus
738 2929 882 2990 maxime
899 2927 1090 2990 Homericis
1112 2927 1172 2990 ali·

99 3029 150 3092 snt
160 3026 245 3090 locis
258 3026 363 3091 videri
377 3031 499 3110 potest,
525 3026 673 3110 inprimis
688 3025 787 3090 Iliad.
808 3033 847 3102 E,
872 3025 948 3088 438.
962 3026 1040 3089 445.
1055 3032 1092 3102 Ρ,
1106 3026 1173 3091 823

99 3128 204 3211 1.,ubi
218 3127 344 3212 Apollo
357 3130 476 3194 AEueae
491 3133 655 3206 occursat,
670 3128 780 3210 priore
792 3127 869 3190 loco
878 3125 978 3189 etism
992 3145 1036 3189 ex
1054 3125 1173 3209 praelio

99 3227 274 3295 mustum
288 3236 408 3307 servet,
423 3235 461 3295 ut
473 3230 506 3293 h.
522 3230 545 3293 l.
555 3227 739 3293 Ascanium
750 3225 967 3310 apraeliando
976 3226 1173 3292 dehortetur.

107 3325 263 3394 Ceterum
277 3330 366 3395 idem
381 3331 508 3414 Apollo
521 3330 622 3413 paulo
637 3333 715 3414 post
725 3346 794 3394 uss.
805 3327 882 3394 659.
892 3327 1173 3410 θθθαςηοεοίωῐε

99 3448 248 3515 mere
258 3431 368 3495 Deum
381 3450 537 3514 proceres
552 3429 733 3514 divinaque
745 3430 810 3495 tela
825 3428 1042 3505 Dardanidae,
1053 3427 1174 3512 phere·

99 3548 218 3614 umque
241 3531 319 3614 suga
342 3549 473 3596 sensere
498 3531 691 3596 sonantem!
734 3531 872 3615 Ergoiu
885 3528 975 3617 fugo
996 3530 1031 3595 lu.
1053 3531 1088 3595 iu
1105 3530 1174 3595 dis·

99 3648 179 3710 uu,
204 3630 304 3697 Butae
327 3631 468 3697 formam
495 3637 633 3698 exuerat
654 3632 794 3716 Apollo,
824 3632 971 3697 divinam
993 3637 1175 3715 receperat

99 3726 169 3799 oni.
189 3730 331 3798 Excurs.
350 3750 424 3798 xus
440 3732 484 3797 ud
498 3733 577 3798 AEn.
594 3751 621 3811 r,
635 3734 692 3797 ubi
716 3733 889 3817 poetarum
902 3732 999 3818 hujus
1018 3730 1175 3815 plantas·

99 3834 169 3901 atis
180 3841 385 3913 ornamenta,
399 3834 712 3917 nectaudommque
725 3852 838 3898 eorum
846 3831 936 3897 modi
950 3851 992 3897 ac
1005 3833 1071 3897 viae
1086 3851 1109 3897 a
1122 3851 1175 3896 me

99 3936 234 4021 posite
259 3941 346 4002 suut.
391 3935 560 4017 Origiuem
585 3939 617 4000 et
641 3952 778 3999 causam
805 3933 906 4016 hujus
933 3931 1176 4016 phantasmatis

99 4036 239 4103 minum
267 4037 433 4102 mentibus
456 4037 591 4101 subnati
619 4034 740 4120 partim
763 4034 837 4118 jum
850 4032 968 4098 eodem
995 4030 1072 4095 loeo
1096 4048 1174 4112 pag.

99 4136 158 4205 W
183 4137 368 4218 innuerem,
392 4136 614 4223 putimnune
642 4135 798 4202 disertius
820 4148 1002 4218 exponam.
1038 4127 1177 4195 Scilicet
