2664 4686
423 326 474 375 an
497 322 667 377 anninus
691 328 765 378 arn.
783 315 839 379 'va
1095 298 1197 383 1211·

67 468 162 555 qmd
176 466 395 535 011011000ωο
421 472 582 536 scelerum
606 491 727 556 poenas
749 478 828 557 post
841 476 988 538 mortem
1007 474 1087 554 luat,
1102 494 1183 569 parf

69 574 152 650 gata
177 589 257 634 vero
275 570 387 634 aniana
408 568 543 649 defluat,
557 580 596 637 ut
616 574 728 637 anima
751 593 838 638 nunc
862 592 984 657 corpus
1006 574 1184 642 ethereum

68 668 154 737 illud
177 676 213 735 et
235 672 375 755 sepositi,
399 679 551 738 ostentet.
596 673 817 739 Subtilitatem
838 674 924 738 hanc
950 680 1038 739 reete
1059 676 1184 743 retudit

70 768 292 849 Mnshemius,
307 792 384 855 pag.
401 775 498 838 1031.
512 775 609 839 11145.
654 774 702 840 At
713 776 800 839 idern
815 777 883 839 alia
900 794 965 839 non
978 776 1087 839 minus
1102 777 1182 841 sub·

69 872 172 939 tiliter
193 895 292 958 super
306 873 410 959 (1111109
430 878 465 940 in
488 876 602 941 inseris
625 877 711 940 locis
726 882 893 960 argutatur
908 877 950 941 ad
967 898 999 941 v.
1015 878 1128 943 29211.
1144 877 1181 958 l.,

69 973 150 1038 dam
165 995 288 1058 corpus
301 977 383 1040 illud
397 978 518 1042 subtile
533 983 566 1041 et
579 983 688 1055 tenue,
709 978 799 1060 quod
814 978 935 1043 anime
949 984 1060 1042 manet
1072 978 1195 1062 inpii·-

68 1077 185 1154 011010,
214 1078 313 1141 etiarn
338 1098 359 1141 a
386 1097 522 1162 corpore
555 1081 729 1163 sejunctae,
759 1099 818 1163 per
842 1080 979 1143 ausimum
1004 1079 1183 1143 sentientem

69 1177 312 1261 intepretatur.
357 1177 462 1262 Atqui
484 1180 573 1262 apud
589 1179 720 1263 poiitas,
743 1180 846 1245 multo
870 1182 977 1263 mame
1002 1180 1092 1264 apud
1108 1180 1183 1246 Ηο·
1228 1182 1236 1189 ”

67 1297 208 1357 merum,
220 1279 310 1344 ultra
322 1299 444 1362 corpus
457 1286 568 1358 tenue,
583 1301 628 1345 ex
641 1294 750 1346 vetere
764 1288 798 1346 et
810 1282 947 1364 poetica
960 1283 1086 1347 ratione
1099 1270 1183 1346 nihil

68 1384 121 1443 est
144 1379 367 1461 copinam,
394 1383 524 1463 quoties
555 1377 679 1459 εἴδωλον,
711 1381 865 1461 umbram,
895 1384 1023 1449 audias.
1069 1382 1181 1448 Multo

69 1480 192 1547 melius
201 1480 278 1544 haec
291 1478 446 1545 Jortinus
459 1484 617 1565 exposuit
636 1482 715 1568 (Six
730 1484 969 1548 Dissertations
982 1503 1075 1567 upon
1088 1483 1181 1548 diffe-

69 1586 144 1645 rout
156 1579 317 1663 Subjects
327 1600 408 1665 pag.
431 1583 497 1647 216
511 1588 612 1667 sqq.),
635 1585 692 1666 qui
707 1585 786 1648 nihil
804 1586 878 1667 ipse
892 1585 935 1647 ab
954 1585 1047 1648 initio
1068 1584 1181 1648 statim

69 1682 177 1765 ponit,
188 1682 248 1745 sod
262 1685 485 1749 annumeratis
499 1684 584 1748 locis
599 1682 803 1761 Homericis,
818 1683 897 1767 quid
912 1683 990 1748 inde
1004 1682 1179 1762 efficiatur,

67 1782 180 1849 dooet.
224 1783 383 1848 Animum
397 1784 625 1868 incorporeum
643 1791 700 1849 aut
721 1804 854 1875 corpus,
870 1784 959 1868 qnod
975 1785 1095 1849 animis
1118 1804 1180 1868 pro

69 1885 226 1951 vehiculo
248 1887 303 1963 sit,
318 1885 477 1967 cogitare,
493 1904 605 1950 eorum
620 1892 803 1969 temporum
816 1886 1051 1968 hominumque
1065 1887 1182 1950 inven-

69 1994 138 2051 tum
155 1992 222 2064 est,
236 1988 293 2070 qui
319 1987 360 2049 de
381 1986 567 2051 animorum
586 1987 716 2051 namus
733 1988 805 2072 jam
820 1988 864 2050 ab
880 1987 994 2070 aliquo
1008 1986 1086 2050 inde
1099 1992 1180 2050 tem.

68 2108 153 2173 pure
167 2089 324 2152 subtilius
339 2088 520 2171 disputare,
540 2095 574 2153 et
587 2088 632 2151 ad
645 2089 804 2172 majorem
823 2088 997 2151 verborum
1017 2087 1182 2150 subtilita-

67 2196 136 2255 tem
160 2189 344 2259 orationem
369 2207 488 2252 acuero
513 2189 705 2252 didicerant.
749 2185 797 2250 nt
810 2194 937 2251 veteres
961 2186 1018 2249 isti
1034 2186 1182 2251 contenti

66 2295 174 2367 eraut,
183 2308 237 2355 res
251 2289 296 2352 ad
309 2308 441 2353 sensum
455 2306 625 2365 rovocare,
641 2287 752 2351 sensui
767 2286 935 2349 ocrdorum
949 2291 983 2349 et
997 2285 1180 2351 animorum

67 2391 248 2475 subjicere,
270 2390 392 2474 mythis
413 2409 475 2472 pro
498 2388 705 2471 dogmatibus
730 2388 789 2450 uti.
843 2385 951 2450 Multo
974 2386 1097 2465 miuus,
1122 2408 1197 2473 per*

67 2491 243 2568 sermome,
258 2510 325 2581 quo
344 2491 528 2566 utebantur,
544 2489 704 2553 rationem
718 2494 752 2552 et
767 2493 929 2565 namnam,
944 2487 980 2551 in
994 2488 1085 2551 illam
1098 2488 1181 2555 do'c·

68 2594 190 2657 trinam
203 2592 348 2656 incidere
368 2592 477 2676 potuit
489 2598 598 2655 vetere
624 2580 699 2654 ae'vo
714 2591 905 2673 quisquam,
921 2596 957 2653 ut
971 2589 1116 2653 animum
1130 2593 1180 2655 iu-

67 2710 267 2776 corporeum
281 2694 479 2774 cogitatione
494 2693 689 2775 conciperet.
722 2691 920 2775 Expeditior
930 2695 964 2754 et
977 2690 1105 2755 facilior
1119 2690 1184 2758 suit

67 2796 125 2861 ria
137 2799 219 2877 pon
232 2794 326 2858 ideas
340 2793 536 2858 Platonicae
558 2794 679 2857 illatas.
726 2776 1004 2876 Quandoquidem
1017 2798 1127 2857 eutem
1142 2794 1178 2872 ii,

71 2896 127 2979 qui
142 2899 222 2978 post
245 2895 413 2978 principes
427 2895 505 2959 illos
530 2895 702 2977 sapientes
728 2886 951 2977 philosophati
977 2900 1063 2970 sunt,
1077 2896 1180 2959 etiam

70 3015 146 3061 eum
176 2995 350 3058 subtiliore
372 3002 406 3060 et
420 3013 568 3058 sermone
592 2999 625 3057 et
650 2993 850 3074 cogitatione
872 2999 1045 3069 uterentur,
1068 3000 1180 3058 tamen

68 3096 121 3161 rel
148 3096 332 3159 secundum
349 3097 503 3179 antiquos
523 3096 600 3159 illos
623 3094 676 3157 vel
690 3093 849 3156 adversus
874 3111 932 3155 eos
953 3093 1179 3175 disputabant,

70 3198 192 3262 nerum
205 3216 270 3261 uon
279 3202 333 3261 est
354 3198 388 3261 in
403 3197 553 3261 Socratis
568 3213 729 3271 sermone,
745 3196 779 3257 in
798 3192 983 3258 Platonicis
997 3198 1030 3256 et
1041 3194 1179 3277 reliquis

69 3297 161 3363 libris
174 3297 420 3381 philosophicis
434 3302 484 3361 tot
507 3314 680 3379 superesse
696 3294 824 3379 poetici
851 3293 994 3378 alicujus
1019 3297 1178 3361 sermonis

70 3406 125 3465 tat
145 3397 303 3481 mythice
319 3398 374 3461 vel
400 3399 586 3480 allegoricae
608 3397 802 3461 narrationis
824 3416 885 3479 pro
903 3396 1180 3463 demonstratione

68 3501 118 3565 rel
132 3498 354 3564 illustratione
369 3502 509 3582 vestigia
522 3520 562 3563 ac
576 3500 779 3582 fragmenta.¹
826 3496 927 3575 Quod
948 3498 1050 3562 multo
1071 3500 1178 3583 magis

69 3601 102 3665 in
113 3602 196 3665 loeo
219 3601 373 3665 derebus
396 3602 508 3666 inferis
522 3602 674 3666 accidere
688 3600 813 3679 debuit,
834 3621 909 3664 cum
924 3621 945 3664 a
971 3603 1179 3685 sequioribus

69 3700 282 3784 pbilosophis
293 3701 334 3765 de
349 3702 438 3779 sede,
449 3710 537 3767 sorte
550 3722 591 3767 ac
605 3702 796 3767 conditione
806 3702 989 3773 animorum
1000 3708 1077 3786 post
1090 3722 1180 3766 mor-

571 3836 680 3888 NOTA.

102 3942 112 3969 ¹
132 3942 176 3991 Ab
197 3942 247 4011 hoc
266 3942 396 4011 principio
417 3944 462 3993 uhi
486 3942 606 4009 proiecta
645 3945 717 3992 Tom.
738 3955 818 4003 xxxi,
838 3957 864 4006 p.
877 3940 946 4003 1114),
965 3958 1022 3991 cnm
1041 3939 1178 3990 ostender·

69 4014 152 4066 fuerit
162 4016 257 4079 oratio,
269 4026 323 4084 tum
336 4019 381 4067 illa
392 4018 486 4069 deduci
501 4021 605 4070 tandem
646 4020 737 4080 vellet,
748 4032 799 4083 quo
809 4018 917 4068 consilio
929 4017 1008 4069 Plato
1019 4015 1106 4066 fabula
1117 4026 1178 4064 usus

72 4093 250 4165 1111011911ἒὸ
267 4108 380 4181 quoque,
390 4109 447 4166 quae
464 4095 607 4145 Garnarius
646 4095 689 4145 eit.

73 4178 201 4219 executus
211 4178 251 4220 eat
265 4171 419 4236 (Mernoirea
431 4169 465 4221 de
483 4171 606 4222 Litterae.

138 4255 227 4320 nepa
236 4262 261 4306 ct
275 4255 331 4308 Ver.
344 4258 409 4309 ctu.
601 4257 673 4323 Virg.
1035 4260 1067 4307 la
1086 4258 1111 4308 N
