2664 4686
524 291 722 346 BXUURSUS
746 294 803 346 XI.

414 641 789 720 EXCURSUS
829 644 911 719 xl.

370 899 422 948 DE
446 895 639 950 sumemus
662 896 765 948 APUD
789 895 958 948 Insanos.

156 1074 207 1134 vr,
222 1058 394 1124 sal-433
416 1063 426 1092 ‘
441 1060 518 1125 Nec
537 1081 616 1126 vero
628 1060 681 1125 hae
695 1059 767 1125 sine
781 1064 869 1123 sorte
883 1058 987 1134 datae,
1000 1057 1077 1121 sine
1093 1055 1198 1141 judice,

111 1157 219 1223 sedes.
274 1158 444 1238 Quaesitor
459 1160 572 1226 Minos
586 1180 701 1225 urnam
714 1165 844 1224 movet:
875 1159 932 1223 ille
959 1160 1118 1223 silentum
1133 1157 1200 1222 Con
1241 1178 1245 1209 ⁴

111 1260 286 1344 ciliumquc
300 1269 410 1340 vocat,
426 1264 577 1346 vitasque
591 1268 625 1327 et
639 1263 776 1327 erimina
789 1261 908 1327 discit!
962 1259 1084 1325 Minos
1097 1262 1200 1344 itaque,

111 1379 131 1424 e
145 1360 295 1426 Maronis
321 1368 438 1440 mente,
460 1364 494 1426 in
517 1364 624 1446 primo
644 1363 757 1428 statim
771 1361 814 1426 ad
829 1361 961 1426 Inferos
977 1360 1086 1437 aditu,
1101 1378 1202 1443 cogno

111 1463 174 1527 scit
188 1464 230 1527 de
246 1464 484 1528 advenientium
498 1466 679 1529 animarum
698 1483 813 1541 causa,
829 1469 917 1527 sorte
939 1483 983 1527 ac
1007 1466 1092 1529 sede
1115 1461 1203 1541 assig-

15 1584 19 1591 ·
109 1565 242 1630 nanda:
273 1566 339 1629 sere
353 1572 390 1630 ut
402 1564 492 1648 apud
507 1567 682 1630 Platonem
696 1566 731 1628 in
745 1563 872 1647 Gorgia
891 1568 943 1627 est
957 1566 1002 1641 is,
1020 1565 1083 1647 qui
1098 1568 1203 1627 cetero

109 1684 181 1728 rum
199 1665 328 1748 judicia
349 1667 544 1750 inspicit-ac
567 1666 670 1748 regit:
702 1684 735 1729 v.
756 1665 858 1747 paulo
871 1670 951 1748 post
964 1665 1126 1729 dicenda.
1172 1662 1203 1725 ln

104 1764 276 1849 judicibus
290 1785 349 1829 seu
373 1768 605 1849 quaesitoribus
621 1768 769 1832 locorum
792 1767 971 1831 inferorum
991 1766 1102 1850 poeta
1121 1782 1205 1850 peta

109 1865 221 1929 liarem
235 1869 392 1931 rationem
406 1869 563 1952 sequitur,
579 1868 670 1952 quod
691 1887 756 1932 non
777 1887 891 1932 omnes
904 1868 940 1931 in
954 1887 1025 1931 uno
1039 1867 1120 1932 loco
1140 1883 1205 1931 con·

110 1966 226 2045 stituit,
250 1968 310 2033 sed
333 1970 479 2052 singuos
505 1971 540 2032 in
563 1969 702 2034 diversis
725 1969 895 2052 partibus:
927 1968 963 2031 in
988 1961 1103 2050 primo
1124 1972 1206 2050 septo

110 2064 262 2133 Mino'dm
289 2091 323 2134 v.
351 2072 428 2150 432,
457 2078 492 2137 at
521 2071 812 2136 Rhadamanthum
839 2070 874 2132 in
901 2068 1048 2132 Tartaro
1077 2087 1112 2133 v.
1142 2067 1206 2133 566.

111 2165 247 2251 Mythus
270 2172 324 2236 hic
347 2173 480 2237 omnino
505 2174 598 2237 ahter
625 2176 703 2255 post
727 2170 913 2234 Homerum
938 2169 1077 2232 tractari
1103 2169 1207 2251 coepit,

109 2268 202 2333 aliter
216 2275 258 2333 ab
273 2274 349 2355 ipso
362 2274 520 2337 Homero.
553 2273 644 2335 Nam
657 2273 688 2334 is
704 2269 855 2333 Mino'em
869 2269 976 2331 obiter
989 2269 1076 2332 inter
1090 2274 1209 2334 ceteras

110 2367 153 2428 ab
183 2368 301 2434 Inferis
330 2374 495 2436 excitatas
519 2374 644 2435 animas
669 2370 837 2448 nominat3
880 2366 1081 2448 θεμιστεύοντα
1109 2374 1209 2434 tamen

109 2466 250 2533 νεκύεσσιν
274 2474 381 2552 ἥμενον,
404 2473 554 2554 adeoque
575 2472 742 2557 judicem3
774 2489 814 2535 eo
841 2470 981 2546 scilicet,
1006 2477 1045 2534 ut
1074 2470 1111 2533 id
1140 2475 1210 2552 ngat

110 2572 200 2651 apud
216 2572 357 2648 InferoS,
373 2573 461 2654 quod
476 2575 507 2634 in
521 2572 585 2636 hac
600 2574 670 2636 vita
683 2572 836 2654 persequi
851 2577 920 2634 erat
935 2572 1078 2635 solitus:
1110 2576 1148 2635 ut
1161 2568 1210 2634 alii

108 2668 228 2732 herode
243 2670 329 2733 alia:
358 2672 436 2732 dum
454 2690 558 2754 equos
572 2673 709 2752 agitant,
725 2672 824 2734 armis
839 2675 977 2746 certant,
992 2677 1026 2733 et
1041 2671 1091 2735 sic
1106 2689 1210 2753 porro.

109 2764 157 2830 At
176 2765 448 2833 Itbadamanthus
470 2771 505 2833 in
529 2766 644 2852 Elysio
658 2776 817 2846 versatur,
841 2776 1000 2852 tanquam
1013 2771 1093 2852 pius
1107 2771 1210 2846 heros,

108 2864 232 2949 odyss.
257 2878 296 2946 Δ,
320 2872 395 2934 564.
451 2869 555 2955 Apud
580 2871 760 2936 Pindarum
785 2876 895 2934 autem
918 2870 1009 2933 idem
1032 2877 1087 2935 est
1112 2870 1212 2958 1(ςὼ11

108 2965 240 3056 πάρεδρος
254 2971 388 3056 Olymp.
406 2974 526 3049 11,137
549 2992 614 3053 sq,
629 2972 821 3054 etquidem,
844 2977 880 3069 ut
901 2991 947 3034 ex
968 2972 1046 3037 loco
1062 2976 1210 3055 apparet,

109 3091 261 3138 assessor
270 3074 355 3158 juris
368 3074 498 3138 dicendi
513 3094 637 3153 causa3
660 3074 787 3136 scilicet
799 3074 934 3135 heroico
947 3092 1024 3136 aevo
1039 3059 1110 3155 ipsi
1123 3092 1211 3155 reges

103 3173 163 3257 jus
178 3174 343 3240 dicebant.
388 3175 506 3258 ltaque
523 3175 692 3238 Homerus
716 3174 749 3236 in
769 3174 856 3236 iocis
877 3171 988 3234 inseris
1010 3192 1116 3236 unum
1137 3174 1211 3238 Plu·

108 3279 217 3337 tonem
230 3277 388 3353 exhibuit,
404 3295 478 3339 cunr
503 3275 716 3356 Proserpina,
743 3280 780 3337 ut
802 3273 923 3336 Jovem
949 3277 982 3335 et
1006 3271 1210 3337 Junoneme

109 3372 246 3455 Superis
257 3376 474 3440 aemularetur.
519 3374 646 3437 Poenus
659 3375 809 3455 infligunt
823 3376 911 3454 regis
922 3360 1025 3456 jussu
1042 3373 1209 3458 Erinnyes,

108 3492 142 3535 u.
167 3494 196 3535 c.
221 3477 317 3541 Iliad.
333 3484 359 3551 Ι,
373 3476 556 3540 565-567.
603 3472 732 3538 Fabula
754 3475 837 3537 adeo
861 3473 901 3536 de
924 3473 1021 3537 trinis
1043 3475 1210 3559 judicibus

109 3572 289 3639 Inferorum
304 3584 383 3659 post
405 3577 597 3654 Homerum,
620 3577 704 3639 forto
721 3582 845 3658 etpost
866 3575 1063 3652 Pindarum,
1083 3576 1211 3640 inventa

109 3679 161 3736 est
173 3694 181 3751 3
209 3694 249 3738 eo
262 3698 335 3740 aevo
350 3680 519 3760 adoptata,
534 3697 609 3740 cmn
624 3696 718 3757 reges
732 3696 799 3740 non
813 3675 955 3760 amplius
968 3676 1039 3757 ipsi
1048 3676 1109 3760 jus
1124 3673 1209 3740 dice·

107 3779 188 3848 rent,
208 3776 265 3837 sed
290 3777 403 3838 darent
424 3777 580 3858 judices3
612 3784 766 3841 autenm
790 3778 824 3839 in
849 3776 1042 3839 civitatibus
1067 3775 1208 3842 Graeciu

104 3873 235 3955 judices
249 3878 359 3939 selecti
374 3877 656 3940 constituerentur.
712 3876 749 3938 Si
766 3866 916 3940 Minoem
940 3883 974 3939 et
998 3875 1209 3940 Rhadaman·

108 3970 198 4033 thum
214 3973 312 4038 Creta
324 3994 396 4036 esse
411 3976 569 4038 oriundos
587 3983 730 4059 reputes,
744 3996 765 4039 a
780 3976 993 4043 Cretensibus
1008 3978 1064 4041 vel
1078 3997 1101 4041 a
1113 3977 1209 4062 po'c'ta

108 4067 232 4147 aliquo,
253 4075 310 4157 qui
336 4073 485 4139 Creticus
506 4078 634 4142 tabulas
659 4083 805 4142 sectatus
825 4084 907 4157 crat,
932 4079 1078 4163 primum
1099 4078 1208 4142 eosiu
