2664 4686
13 422 27 457 ,

192 305 281 374 4346
424 318 622 368 excussus
645 319 699 387 ra
720 318 771 366 sn
794 317 866 367 nu.
889 318 968 367 ursa.
986 318 1074 368 vur.

192 469 259 553 phu
287 465 330 530 ad
355 465 437 529 artis
456 465 650 545 elegantiam
675 481 735 526 seu
761 462 894 526 inventa
923 481 981 526 seu
1006 463 1176 547 expolita.
1217 463 1281 528 lndc

193 567 467 655 splendidissimae
492 566 647 630 carminis
672 570 782 647 partes
805 564 866 628 vix
888 584 910 628 a
932 565 1105 649 scalptore
1119 568 1216 644 bene,
1234 568 1282 630 etsi

194 671 358 736 Comitem
373 669 413 732 de
439 667 563 752 Caylus
578 687 621 732 ea
643 668 685 731 de
707 687 742 730 re
756 666 804 729 nil
818 666 968 731 dubitare
984 667 1086 732 video
1109 665 1283 752 (Tableaux
1302 752 1305 756 Ι

192 771 273 836 tires
288 770 329 834 de
344 770 492 834 l’Eneide
513 770 555 833 de
569 769 696 852 Virgile
710 787 788 851 pag.
803 767 869 833 aab
889 770 1012 851 seqq.),
1027 768 1129 832 reddi
1143 776 1285 852 possnnt;

193 873 344 955 inprimis
363 872 515 955 praelium
546 872 693 935 Deorum
720 892 752 935 v.
784 869 850 934 698
877 888 953 952 sqq.
992 867 1286 953 ‘Omnigeunmqne

195 974 306 1040 Deum
320 975 472 1038 monstra’
487 979 552 1038 etc.
587 973 729 1038 ‘Actius
739 972 812 1037 haec
827 991 963 1037 cernens
978 991 1101 1036 arcum
1113 973 1287 1038 intmdebst

194 1073 320 1158 Apollo
336 1076 648 1158 Desuper-omnes
659 1073 828 1138 vertebant
836 1076 927 1154 terga
941 1071 1070 1137 Sabaei.
1120 1074 1205 1157 lpse
1211 1074 1287 1138 ride·

194 1175 292 1239 batur
318 1174 425 1239 ventis
450 1176 562 1257 regina
575 1175 705 1239 vocatis
719 1171 807 1237 Vela
829 1172 908 1236 dare
921 1179 955 1237 et
971 1173 1075 1238 laxos
1096 1174 1286 1261 jamjamque

194 1276 367 1345 immittere
390 1273 651 1339 funes—Contra
676 1279 785 1337 autem
810 1272 1287 1361 Nilum-Pandentemqnasi·

195 1397 259 1443 nus
272 1384 306 1443 et
319 1383 390 1442 tota
405 1381 496 1439 veste
510 1376 691 1441 vocantem’
706 1382 769 1439 etc.
812 1374 919 1451 Vides
932 1374 1008 1442 haec
1023 1376 1114 1441 locis
1125 1397 1170 1443 ac
1179 1384 1288 1462 tempo·

196 1480 289 1547 ribus
308 1498 381 1543 esse
403 1484 471 1542 tam
491 1479 633 1554 diversa,
649 1483 764 1541 ntuno
782 1484 992 1559 argumento,
1008 1497 1070 1543 seu
1095 1499 1170 1544 una
1192 1480 1288 1545 utun

195 1581 285 1646 nullo
306 1580 407 1645 modo
424 1581 655 1664 comprehendi
669 1581 807 1664 possint.
852 1578 893 1643 In
907 1579 1076 1662 triumpho
1102 1588 1214 1646 autem
1226 1580 1287 1646 Ge·

197 1683 282 1745 saris
304 1684 398 1766 plura
423 1682 573 1747 admixta
596 1688 683 1758 sunt,
707 1702 782 1764 quse
807 1680 943 1765 poetica
964 1680 1208 1764 phantasmata
1227 1689 1288 1748 sunt

196 1782 370 1861 praeclara,
392 1782 450 1845 sed
468 1783 558 1846 nulla
573 1788 643 1846 arte
665 1802 730 1846 uno
753 1783 914 1865 temporis
934 1788 1106 1847 momento
1128 1789 1290 1869 unoqueut

196 1878 465 1944 eodemlocorum
479 1884 589 1966 spatio
609 1884 756 1947 exhiheri
770 1889 902 1966 queunt.

240 1979 337 2066 Artis⁸
353 1978 521 2047 notionem
534 1983 644 2066 poetae
669 2004 735 2048 nun
757 2003 832 2049 esse
852 1984 1065 2049 obversatam
1086 1987 1208 2053 altimo
1227 1987 1289 2052 loco

120 2080 121 2083 ’
198 2082 346 2149 declarat
358 2082 492 2146 materia
513 2082 623 2171 clypei,
637 2085 723 2149 mira
730 2085 877 2148 mixtura
891 2103 985 2162 auro,
1000 2092 1160 2167 argento,
1175 2088 1290 2155 turum

197 2185 287 2250 idem
300 2206 387 2269 opus
402 2186 556 2251 conflato.
601 2186 666 2250 Per
681 2187 828 2270 porticus
844 2184 1002 2270 Capitolii
1015 2184 1069 2272 (r.
1084 2188 1169 2268 655)
1181 2200 1292 2254 uerutus

199 2305 294 2351 anser
315 2297 476 2371 argenteus
489 2288 624 2352 volitat:
649 2289 713 2372 ipsi
728 2286 819 2352 Galli
834 2307 930 2350 uureu
947 2289 1102 2368 caesafie,
1126 2290 1231 2356 carde
1241 2292 1292 2356 vir·

198 2387 284 2466 gatis
301 2389 448 2449 vestibus
461 2395 495 2452 et
508 2391 680 2472 torquibus
697 2390 808 2459 aureis.
854 2389 934 2454 Non
947 2390 1051 2473 igitur
1065 2404 1194 2478 ectypo
1207 2392 1292 2459 modo

197 2506 298 2569 opere
313 2489 387 2552 haec
411 2509 584 2572 expressa,
610 2511 724 2555 verum
746 2491 790 2554 ad
812 2484 960 2573 priscum
981 2498 1015 2556 et
1039 2492 1221 2563 Homerici
1239 2495 1294 2560 avi

198 2608 322 2653 murem
337 2592 436 2653 etiam
458 2592 626 2656 coloribus
645 2595 785 2671 variata,
809 2614 889 2658 auro
915 2595 1032 2660 saltem
1047 2600 1083 2659 et
1102 2597 1295 2679 argentam

200 2707 289 2754 aerea
304 2691 413 2773 clypei
428 2709 516 2755 area.
562 2692 668 2757 Porro
682 2714 716 2757 v.
738 2695 803 2758 671
817 2714 908 2759 mare
930 2715 1009 2758 auro
1022 2696 1196 2764 effictum:
1216 2696 1295 2783 (lle-

199 2791 264 2853 lius
294 2791 384 2872 apud
413 2790 660 2873 Propertio.
685 2812 736 2872 w,
760 2796 853 2873 6,26
885 2801 1072 2863 ‘armorum
1101 2801 1296 2884 radiispicta

198 2893 357 2959 tremebat
381 2891 496 2975 aqua’)
518 2894 599 2958 ‘sed
612 2895 715 2959 fluctu
739 2897 937 2979 spumabant
962 2901 1092 2965 coerula
1116 2900 1225 2967 cano!
1263 2899 1295 2965 ln

200 2989 315 3068 curule
331 3011 396 3056 non
419 3000 552 3078 etymon
575 2997 672 3059 vocis
698 2996 909 3079 cogitandum
936 2996 1084 3064 videtin:
1108 3000 1170 3064 sed
1183 3000 1295 3085 simpli-

200 3092 280 3157 citer
294 3113 400 3160 mare:
424 3097 524 3180 idque
538 3104 707 3179 argenteos
721 3099 842 3162 fluctus
856 3100 975 3163 habere
998 3100 1135 3167 debuit:
1158 3102 1293 3166 innatant

200 3200 312 3258 tamen
322 3198 505 3278 delphines,
520 3199 622 3262 iidem
636 3221 769 3283 quoque
779 3201 940 3283 argentei:
958 3200 1020 3266 ‘Et
1033 3203 1162 3266 circum
1172 3208 1291 3285 argento

201 3294 283 3359 clari
304 3294 473 3377 delphines
487 3299 521 3360 in
536 3300 647 3362 orbem
668 3303 819 3385 AEuuura
832 3302 1004 3366 verrebant
1029 3302 1148 3367 caudis
1172 3308 1291 3368 aestun·

201 3412 266 3474 que
289 3394 466 3458 secabant?
511 3396 598 3461 Mox
626 3399 796 3466 Mavors‘
807 3402 947 3467 coelatus
974 3401 1069 3467 ferro’
1084 3423 1120 3469 v.
1143 3404 1288 3470 700h..c

201 3491 285 3554 l'erro
314 3493 367 3555 vcl
392 3493 529 3579 chalybe
554 3501 760 3585 exsculptus
810 3502 890 3568 Alia
914 3522 1013 3589 super
1035 3504 1101 3570 hoc
1129 3504 1270 3590 clypeo
1262 3521 1286 3568 u

201 3593 289 3657 notis
302 3594 427 3678 passim
442 3605 517 3663 sunt
535 3600 720 3670 observata.
