2664 4686
93 274 181 342 4232
481 290 681 342 nxcunsus
703 275 821 344 ω*

92 435 207 520 ripidis
235 432 409 513 Athamas,
436 436 672 521 superinducta
703 438 808 503 altera
835 457 943 505 uxore
972 440 1193 525 Themistou,

91 537 244 602 resciscit
265 536 403 601 Inonem
428 540 463 602 in
486 536 656 603 Parnasso
679 540 887 611 bacchationi
910 543 1084 631 interm,
1103 552 1138 611 et
1155 566 1193 611 aa

91 639 142 703 sic
156 638 421 720 deprehenditur:
445 638 489 703 cs.
504 638 632 723 Hygin.
646 640 670 704 s.
683 643 715 705 4.
759 640 871 706 Etiam
890 643 927 707 in
945 640 1152 711 Atlnmrrntc
1162 636 1199 713 et'

90 739 217 805 Phrixo
246 739 422 823 Sophoclis
457 741 550 821 orgia
578 742 708 807 Bacchi
736 744 779 808 ad
807 744 952 808 furerem
980 745 1190 829 injiciendum

87 841 191 906 luisse
207 841 355 906 adhibita
369 841 558 924 intelligitur
578 863 622 907 cx
644 844 688 907 iis
710 864 785 928 quae
808 844 898 928 apud
919 845 1048 930 Hygin-
1063 854 1099 912 et
1111 848 1188 914 alios

87 943 247 1026 legrmtur.
293 943 373 1007 Fuit
395 962 527 1028 quoque
548 943 679 1009 Helena
700 965 722 1008 a
748 945 866 1010 Paride
888 948 971 1012 inter
992 949 1088 1029 orgia
1109 948 1189 1014 Bac·

39 1084 56 1133 .-
86 1047 184 1111 chica
197 1052 294 1130 rapta
308 1046 397 1129 apud
411 1046 575 1130 Lycophr.
590 1048 665 1125 106,
676 1049 734 1112 uhi
748 1069 780 1114 v.
795 1048 907 1113 Schol.
921 1049 966 1114 ad
978 1050 1037 1116 93.
1082 1052 1188 1119 Etiam

85 1148 123 1213 in
144 1148 280 1226 fabulis,
304 1169 380 1232 quae
406 1147 527 1230 Λήμνιαι
554 1148 723 1232 inscriptae
746 1155 850 1229 erant,
875 1151 987 1234 qualis
1014 1150 1187 1237 Sophoclis

84 1250 158 1329 fuit,
182 1251 367 1315 Thoantem
393 1256 520 1335 patrem
547 1250 740 1336 Hypsipyle
762 1252 846 1317 inter
866 1254 958 1335 orgia
983 1254 1116 1320 Bacchi
1142 1257 1187 1321 in-

83 1354 247 1419 columem
270 1353 472 1418 abduxerat:
496 1360 606 1418 namat
632 1373 700 1417 rem
723 1361 836 1421 ornate
859 1354 973 1420 Valer.
999 1354 1052 1421 Fl.
1076 1373 1103 1435 1,
1126 1358 1186 1424 aar

83 1474 158 1541 sqq.
203 1455 247 1537 Et
270 1455 306 1518 in
330 1456 440 1521 insula
466 1455 570 1540 Scyro
595 1453 744 1520 Achilles
768 1458 853 1521 inter
876 1456 1031 1522 foeminas
1057 1460 1185 1525 latitans

84 1557 336 1643 deprehenditur
361 1558 404 1622 ah
430 1556 554 1641 Ulysse
579 1556 732 1640 tripudiis
757 1557 838 1622 inter
863 1558 975 1640 orgia:
1004 1578 1039 1625 v.
1064 1559 1185 1625 Statius

84 1656 206 1725 Achill.
224 1677 248 1738 r,
262 1660 337 1724 593.
351 1657 428 1723 608.
452 1673 493 1736 11,
515 1658 589 1721 152.
636 1656 690 1720 Ne
710 1656 897 1724 Proetidnm
909 1656 1185 1746 sanationemper

81 1761 178 1842 orgia
191 1761 371 1824 mstihrtam
392 1780 414 1823 a
436 1758 649 1842 Melampode
671 1777 923 1827 commemorem
943 1752 1036 1845 apud
1050 1761 1186 1846 Apollo·

81 1861 152 1925 dor'.
170 1878 210 1940 11,
227 1863 260 1927 2.
275 1867 357 1926 extr.
369 1860 583 1926 Manifestum
598 1860 646 1939 fit,
660 1881 679 1925 e
693 1859 847 1944 Tragicis
859 1862 1040 1946 proiecisse
1053 1865 1187 1948 politam

81 1965 116 2028 in
129 1964 204 2029 loco
219 1963 380 2048 praeclaro
401 1962 456 2025 inf.
481 1978 548 2039 vn,
570 1960 612 2026 de
634 1961 771 2041 Amata,
794 1983 871 2048 qum
893 1963 1067 2030 laviniam
1086 1965 1192 2031 tiliam

81 2064 195 2130 Turno
222 2063 423 2147 promissam
450 2063 576 2147 nuptiis
602 2083 678 2127 cum
703 2063 810 2129 AEnea
838 2064 1025 2130 subducere
1050 2067 1185 2133 volens:

80 2167 147 2234 885
169 2171 179 2200 ‘
196 2166 386 2245 Quinetiam
399 2168 435 2230 in
449 2165 573 2250 sylvas,
598 2165 753 2231 simulato
775 2168 907 2232 numine
922 2168 1187 2235 Bacchi-Evo-

79 2269 139 2345 lat,
166 2273 200 2335 et
223 2274 334 2334 natam
361 2269 525 2333 frondosis
552 2268 719 2332 montibus
748 2269 864 2349 abdit3
900 2267 979 2346 Quo
1006 2270 1186 2336 mamam

80 2371 198 2454 eripiat
210 2370 363 2447 Teucris,
381 2371 551 2452 taedasque
573 2374 735 2433 moretur:
759 2368 845 2435 Euoe
869 2370 1016 2451 Bacche,
1032 2371 1189 2450 fremens·

80 2472 187 2535 solum
202 2472 376 2558 tcuvirgino
391 2470 534 2553 dignum,
553 2468 760 2535 Vociferans'
774 2477 839 2536 etc.

472 2759 788 2773 *m

361 2990 734 3070 EXCURSUS
775 2991 901 3068 Xl.''

170 3281 176 3291 ·
252 3216 432 3268 TEMPORA
451 3214 656 3267 DESCENSUS
673 3214 786 3265 AENEAE
803 3215 855 3265 ΑΙ)
872 3215 1044 3269 ELYSIUM.

121 3400 171 3461 vr,
185 3382 370 3449 sao-⁵39.
403 3382 508 3449 ‘Hac
523 3384 600 3450 vice
616 3402 801 3447 sermonum
819 3382 927 3447 roseis
947 3381 1082 3447 Aurora
1101 3400 1178 3467 qne·

76 3482 178 3564 drigis
192 3483 272 3547 Jam
286 3482 432 3557 medium
453 3485 588 3550 aetherio
610 3503 709 3549 cursu
729 3486 900 3570 trajecerat
914 3503 1035 3550 axem:
1058 3485 1178 3551 Etsors

75 3605 170 3650 omne
183 3585 296 3649 datum
309 3585 468 3651 traherent
489 3607 547 3671 per
569 3587 650 3652 talia
672 3594 823 3671 tempus3
845 3586 915 3651 Sed
937 3602 1053 3652 comes
1066 3585 1195 3652 admo·

74 3689 154 3765 nuit,
170 3687 376 3770 breviterque
395 3689 498 3754 allata
518 3690 647 3774 Sibylla
670 3696 740 3754 est:
764 3688 847 3755 Nox
864 3689 942 3766 ruit,
966 3689 1100 3769 AEnea3
1119 3700 1178 3753 noc
1204 3674 1221 3745 l

72 3789 181 3854 tlendo
204 3789 355 3857 ducimus
380 3791 500 3858 horas.’
544 3793 700 3857 Obscura
723 3799 775 3857 est
799 3793 835 3857 in
858 3790 912 3856 his
937 3791 1097 3875 temporis
1121 3808 1176 3854 no·

74 3892 175 3973 tatio;
198 3893 366 3977 multoque
389 3896 508 3976 magis,
532 3896 562 3959 si
587 3895 757 3979 superiora
783 3901 817 3959 ct
841 3899 947 3960 totum
973 3912 1084 3957 rerum
1104 3910 1176 3957 nar·

73 4000 214 4060 ratarum
243 3996 391 4061 ordinem
418 3998 625 4081 expenderis.
681 3996 818 4063 Scilicet
844 3995 1069 4062 difficultatem
1097 3992 1175 4058 facit

73 4091 148 4170 hoc,
163 4097 253 4179 quod
267 4103 418 4183 tempera
432 4099 610 4165 descensus
632 4118 672 4161 ac
694 4097 817 4164 reditus
838 4118 883 4166 cx
905 4098 1027 4186 Inferis
1040 4119 1063 4164 a
1076 4093 1174 4183 poda
