2664 4686
401 300 453 351 An
475 297 648 351 ENRlDOS
673 297 745 346 [ΑΒ.
771 295 827 346 IX.
1074 281 1165 349 1868

80 465 158 515 rana
172 446 302 511 animos
313 444 434 511 habent
447 444 605 521 imbutos,
616 441 717 509 modo
730 462 794 508 non
803 441 847 507 ab
858 439 949 506 omni
958 439 1168 509 hummitatis

80 549 152 615 ultu
166 548 266 614 alieni
280 550 357 625 sint,
374 554 431 612 aut
443 568 503 630 per
525 547 741 630 hieroglypha
757 545 799 608 ed
814 543 1029 608 animantium
1043 543 1168 609 formas

80 650 207 716 ivinam
222 651 368 734 speciem
394 650 587 712 revocarint.
632 647 775 729 Horum·
784 648 883 723 enim,
897 651 935 709 ut
947 646 1025 709 olim
1041 646 1168 732 AEgyp-

80 768 178 815 orum
206 756 240 815 et
268 770 353 814 nunc
382 748 537 813 Indorum
562 749 735 825 mentibus,
759 767 835 830 quae
865 749 1099 831 phantasmata
1126 767 1167 813 ac

80 852 193 935 pecias
206 853 271 914 sint
284 851 438 934 objectes,
452 850 581 932 quoties
597 849 694 913 Deos
702 850 859 934 cogitant,
869 848 966 913 facile
980 849 1058 913 licet
1073 868 1166 914 asse-

80 950 137 1032 ai;
159 951 289 1016 scilicet
301 968 367 1014 non
382 968 482 1032 posse
505 968 579 1013 esse
594 949 677 1012 alias
692 968 794 1032 quam
815 950 909 1032 ipsas
924 949 1058 1027 formas,
1081 969 1167 1034 quas

80 1053 243 1136 ntemplis
257 1070 437 1137 expressas
454 1051 622 1115 viderant:
645 1070 710 1134 quo
730 1053 805 1135 ipso
830 1071 967 1115 necesse
991 1058 1052 1129 est,
1074 1053 1169 1123 innu-

80 1170 152 1219 ma
165 1154 208 1219 iis
222 1155 289 1219 alia
304 1173 325 1218 a
338 1159 450 1217 nostro
464 1153 671 1237 percipiendi
693 1159 726 1217 et
751 1152 917 1235 cogitandi
932 1173 1022 1219 more
1037 1152 1170 1221 diversa

79 1254 219 1318 taliena
232 1273 413 1330 occurrere,
429 1253 470 1316 de
485 1254 607 1337 quibus
621 1273 683 1317 nos
699 1255 786 1319 male
804 1274 845 1318 ac
856 1273 1029 1339 perperam
1037 1255 1170 1340 judica-

80 1372 148 1434 nus,
160 1375 237 1420 cum
251 1350 386 1419 easdem
399 1356 549 1420 notiones
572 1375 679 1419 rerum
693 1357 803 1422 animo
817 1375 884 1419 non
899 1352 1185 1422 circumferimus(

80 1454 178 1523 treci
190 1463 302 1522 autem
316 1463 443 1521 veteres
456 1458 559 1522 multo
573 1459 678 1539 magis
702 1458 871 1541 proclives
885 1459 930 1522 ad
944 1479 1019 1523 eam
1040 1459 1169 1543 opinio·

80 1578 149 1637 em,
162 1565 199 1623 nt
212 1554 307 1623 Deos
320 1559 433 1643 specie
452 1560 595 1624 humana
609 1579 684 1623 esse
706 1559 886 1636 crederent,
908 1559 1170 1643 amplectendam

80 1677 137 1725 sse
168 1658 321 1738 debuere,
350 1659 617 1743 quandoquidem
647 1661 688 1723 iis
716 1660 779 1725 hoc
808 1668 965 1745 tanquam
999 1662 1169 1746 proprium

80 1760 214 1833 ribuitnr
227 1762 271 1825 ab
287 1761 461 1825 Herodoto
477 1777 502 1837 r,
515 1758 637 1824 131
592 1784 655 1835 τους
670 1758 742 1834 θεοὺς
755 1759 957 1847 ἀνθρωποφυεῖς
968 1781 1042 1826 esse
1044 1781 1168 1846 ,quem

80 1882 173 1949 ¹ceum
189 1869 342 1929 accurate
356 1863 549 1946 expositum
564 1881 669 1946 nuper
683 1862 828 1926 vidimus
849 1862 893 1926 ab
913 1858 1002 1925 Abb
1020 1861 1170 1931 Foucher

80 1984 97 2031 u
119 1962 225 2031 Mem
249 1962 434 2029 del'Acad
459 1963 519 2028 des
543 1961 649 2027 Inscr
671 1963 768 2028 Τοιιι.
786 1978 900 2029 xxxv
925 1988 974 2081 pr.
1021 1963 1169 2045 Firmata

80 2070 115 2133 st
126 2084 170 2131 ea
182 2064 296 2150 opinio
310 2064 391 2128 etin
404 2064 552 2128 habitum
562 2065 664 2128 animi
653 2064 823 2130 deducta
837 2085 896 2148 per
910 2068 1008 2150 signa
1023 2070 1170 2133 Deorum

80 2166 198 2233 afanis
216 2174 249 2231 et
271 2165 404 2230 sacellis
418 2166 540 2246 obvia3
563 2186 704 2249 cumque
725 2167 898 2231 abeodem
919 2171 1075 2252 opinione
1095 2189 1171 2235 suo-

80 2287 133 2337 um
147 2288 285 2354 operum
300 2274 476 2353 protypum
491 2287 544 2332 ars
560 2269 754 2351 accepisset,
775 2288 919 2359 moxque
942 2268 1040 2333 docte
1056 2271 1171 2337 elabo-

80 2362 178 2467 meet,
205 2373 354 2439 Deorum
376 2370 508 2451 species
530 2369 573 2432 ad
598 2388 734 2433 summae
759 2369 900 2454 alicujus
917 2370 1171 2451 pulchritudinis

80 2472 212 2559 peciem
233 2476 285 2534 est
298 2470 503 2547 adumbrata,
530 2475 617 2533 certo
641 2469 752 2533 atatis
775 2475 809 2533 et
832 2469 1031 2535 characteris
1054 2472 1170 2538 discri-

80 2575 152 2673 rinc
173 2573 313 2638 variata.
359 2571 536 2635 Prosecere
560 2573 678 2634 iterum
699 2590 744 2633 ex
768 2572 849 2635 artis
875 2571 1024 2654 prosectu
1048 2572 1171 2656 poetae,

80 2681 111 2741 la
131 2679 170 2739 ut
193 2695 225 2738 v
250 2695 280 2745 c.
303 2671 452 2756 Apollini
479 2678 513 2736 et
538 2672 674 2737 Baccho
696 2674 864 2756 promissa
886 2692 993 2751 coma,
1008 2673 1090 2739 Jovi
1104 2676 1171 2739 oris

80 2778 234 2865 mjestas,
249 2779 344 2842 etsie
360 2795 459 2860 porro
474 2777 550 2839 aliis
566 2776 643 2840 Diis
664 2777 742 2853 alia,
757 2796 815 2859 per
830 2796 945 2841 omnes
960 2783 1078 2843 aetates
1092 2797 1171 2843 con·

80 2878 405 2963 mentinterpoetas
420 2886 557 2961 oequeet
572 2879 726 2944 artifices.
743 2877 838 2942 Cous.
854 2878 1172 2945 Commentationem

82 2978 256 3047 deformis
270 2981 417 3044 Deorum
429 2978 619 3042 Graeciae
590 2998 766 3059 eanrmque
780 2979 1169 3045 auctoribus’Tom.v111

80 3062 294 3187 {ommentatt
321 3080 398 3144 Soc.
421 3077 568 3160 totting.
607 3076 722 3140 Po'ctis
745 3082 855 3139 autem
876 3077 957 3139 nihil
981 3062 1172 3160 exoptatius

80 3174 141 3249 ss'e
155 3187 295 3266 poterat,
312 3202 413 3265 quam
426 3183 558 3264 species
574 3179 720 3242 Deorum
741 3156 895 3254 humana,
911 3177 999 3242 vires
1021 3179 1173 3261 corporis

80 3283 220 3371 najores,
242 3291 352 3349 motus
374 3283 575 3358 celerrimae,
599 3281 705 3344 forma
725 3280 792 3344 oris
813 3278 1087 3362 pulcherrima,
1065 3300 1108 3345 us
1122 3282 1174 3346 illi

80 3392 114 3455 la
125 3386 183 3450 usi
196 3391 284 3465 sunt,
300 3392 336 3450 ut
351 3406 392 3449 ea
406 3387 471 3449 sibi
487 3392 645 3466 tanquam
660 3384 793 3467 propria
807 3382 960 3458 facerent,
975 3382 1124 3467 inprimis
1138 3384 1174 3448 in

80 3487 162 3555 adsi
176 3489 285 3572 epica,
300 3493 403 3569 utque
431 3487 465 3550 in
487 3506 585 3549 usum
607 3485 776 3567 poeticum
799 3489 997 3567 perpetuum
1019 3485 1174 3549 transfer·

80 3594 150 3669 ent,
169 3589 321 3672 inprimis
335 3591 391 3652 ubi
405 3590 448 3652 iis
463 3589 612 3670 vestigiis
626 3575 834 3662 insistebant,
850 3590 886 3648 nt
908 3584 1056 3659 Deorum
1079 3587 1175 3651 mini·

80 3690 177 3759 seriis
198 3691 357 3774 pleraque
379 3696 633 3772 exequerentur:
665 3688 708 3751 ef.
735 3686 885 3768 Disquis.
913 3702 925 3747 1
956 3684 998 3749 de
1027 3685 1173 3752 carmine

80 3792 176 3877 apice.
222 3790 341 3874 Neque
356 3812 433 3856 vero
448 3811 489 3854 ea
502 3792 614 3874 opinio
634 3789 816 3874 presentiae
839 3787 981 3850 numinis
995 3790 1076 3852 inter
1090 3789 1173 3851 istos

80 3892 201 3979 quidem
230 3893 373 3977 populos
396 3894 467 3958 tolli
488 3893 615 3981 potuit3
653 3892 718 3954 nisi
748 3910 793 3953 ex
818 3908 886 3973 quo
907 3889 1173 3972 philosophorum

80 3992 218 4063 tubtilior
233 3993 429 4076 disputatio,
444 3999 477 4057 ct
490 4001 676 4059 sanctorum
690 3997 804 4057 vatum
816 3991 999 4056 accuratior
1013 3988 1171 4067 doctriua,

80 4092 113 4157 u)
126 4094 218 4159 omni
226 4096 377 4182 corporis
392 4096 505 4180 specie
518 4115 559 4161 ac
567 4096 644 4165 labe
659 4095 844 4179 segregavit
854 4093 999 4157 divinam
1008 4095 1173 4157 naturam.

122 4206 255 4276 ‘Denta
271 4210 404 4262 Vaacra.
579 4210 649 4276 vag.
1039 4205 1106 4256 rau
