2664 4686
112 274 201 344 utcu
544 292 744 345 excussus
766 293 793 343 r.
814 296 818 301 ·

112 441 412 525 mvigudoversus
431 438 626 505 Italiameo
645 443 920 524 carerepoterat3
941 436 1200 522 eedpodtoeerul

112 541 291 707 ὶέἓιῗῄα
309 542 452 651 Ιωιίὶῳιιι
479 541 582 620 mmo,
609 541 651 605 de
678 560 747 625 qua
776 541 879 625 paulo
906 547 983 606 aute
1008 541 1134 606 dictum
1157 544 1200 604 est

443 1078 819 1159 EXCURSUS
855 1079 890 1154 1.

404 1261 472 1327 Au
495 1260 722 1326 AENEIDOS
746 1259 838 1324 mn.
859 1257 926 1324 Vl.

80 1460 83 1465 -
183 1425 327 1481 uucrrn
344 1427 385 1478 ru
402 1427 606 1479 rounsnuu
625 1426 856 1480 clamamus
871 1423 1149 1478 rnuuuunrsrn

114 1556 388 1629 consumtum
413 1561 447 1624 in
472 1560 547 1637 hoc,
568 1578 652 1643 qnos
674 1558 830 1635 vidimus,
844 1575 968 1633 omues,
987 1574 1096 1619 rerum
1119 1572 1205 1637 argu·

111 1662 233 1727 mentis
248 1663 510 1746 ornamentisque
528 1662 654 1726 nullum
674 1661 772 1726 facile
792 1659 894 1724 alium
918 1657 1074 1723 AEueidis
1095 1656 1204 1721 librum
1243 1646 1246 1651 ’

113 1768 286 1846 tantopere
312 1768 423 1827 tenere
450 1763 587 1844 legentis
622 1764 778 1838 animum,
814 1779 916 1845 quam
949 1759 1036 1824 hunc
1072 1764 1206 1824 sextum.
1250 1788 1252 1797 ·

113 1860 246 1940 Quanto
256 1862 363 1944 magis
376 1863 432 1926 ille
446 1862 609 1926 delectare
622 1863 735 1928 debuit
757 1867 815 1927 ant
833 1862 965 1927 omniuo
981 1866 1142 1938 veterum,
1157 1856 1208 1943 qui

112 1983 157 2031 ex
171 1963 346 2048 poetarum
357 1963 498 2029 lectione
513 1969 547 2027 et
560 1963 681 2047 puerili
695 1964 895 2028 institutione
908 1963 961 2026 bis
981 1963 1105 2047 mythis
1123 1961 1209 2025 imu-

112 2067 181 2132 utu·
195 2071 299 2144 eram,
314 2074 371 2132 ant
395 2064 620 2130 Romanorum
641 2066 780 2142 animos,
796 2066 854 2148 qui
870 2069 1018 2129 extrem
1031 2062 1109 2128 libri
1123 2067 1211 2146 parte

113 2169 248 2235 annales
271 2168 517 2253 quodammodo
540 2186 611 2232 suaa
631 2168 733 2250 gentis
756 2166 918 2242 conditos,
943 2165 1212 2229 clarissimum-

113 2289 179 2355 que
202 2273 347 2336 virorum
370 2289 543 2337 recensum
568 2269 701 2346 factum,
721 2267 959 2349 agnoscerentt
982 2264 1093 2330 Iidem
1118 2280 1212 2348 porro

110 2373 188 2437 loca
200 2374 290 2438 circa
303 2374 428 2438 Cumas
439 2372 699 2455 frequentabant,
714 2374 748 2433 et
762 2368 881 2432 iisdem
899 2366 1212 2450 religionibusque

111 2473 165 2539 hic
180 2475 343 2557 expositae
358 2480 446 2551 sunt,
461 2476 605 2537 imbutos
620 2473 785 2536 habebant
797 2471 937 2535 animos·
981 2467 1072 2532 Sanc
1086 2466 1213 2552 quidem

26 2572 29 2583 “
112 2593 189 2638 cum
204 2573 374 2639 Homerus
389 2574 664 2657 Necyomantiam
688 2591 783 2637 suam
804 2571 840 2635 in
858 2572 912 2635 his
934 2571 1018 2653 ipsis
1038 2570 1127 2635 locis
1151 2569 1213 2634 lta·

111 2676 167 2739 lite
183 2680 374 2758 exponeret,
385 2674 651 2758 quandoquidem
666 2676 725 2739 illa
738 2681 808 2739 tum
819 2672 965 2738 Graecioe
980 2674 1064 2736 inter
1075 2674 1213 2754 ignotus,

111 2775 229 2840 saltem
243 2794 361 2858 pamm
378 2777 538 2857 cognitas,
552 2781 655 2840 terras
675 2782 756 2854 erat,
771 2774 878 2858 major
896 2776 1009 2858 ntique
1021 2793 1132 2838 rerum
1143 2791 1213 2837 nar·
1236 2808 1239 2813 ·

110 2881 253 2940 ratamm
282 2877 412 2940 novitas
448 2884 482 2942 et
507 2878 694 2957 insolentia,
728 2878 897 2961 majorque
934 2875 978 2939 ad
1017 2873 1214 2948 Graecorum

112 2978 241 3043 animos
261 2977 477 3043 admiratione
500 2979 680 3044 movendos
693 2979 746 3044 vis
758 2997 831 3042 esse
846 2978 976 3057 debuit3
998 2976 1102 3041 habet
1116 2977 1213 3040 etiam

109 3080 271 3165 majorem
285 3082 512 3145 auctoritatem
525 3081 669 3145 namatio
682 3100 725 3144 cx
741 3078 874 3163 Ulyssis
887 3096 1030 3162 persona
1045 3078 1215 3158 instituta3

109 3180 273 3264 Virgilius
287 3187 397 3248 tamen
407 3202 473 3246 non
482 3183 654 3247 minimum
668 3182 785 3247 auxilii
798 3189 832 3247 et
847 3180 996 3264 praesidii
1010 3179 1054 3244 ad
1069 3181 1215 3245 suavita·

109 3290 175 3348 tem
191 3293 225 3351 ot
237 3284 486 3350 delectationem
498 3282 562 3348 hac
577 3286 655 3366 ipsa
666 3281 904 3359 recordatione,
914 3280 1174 3365 amplificatione
1186 3284 1216 3344 et

110 3386 322 3450 exornatione
337 3390 481 3449 veterum
501 3384 697 3461 tabularum,
719 3403 763 3448 ex
786 3381 934 3447 Homero
960 3381 1104 3466 aliisque
1126 3371 1230 3449 uota-⁴

109 3503 182 3547 rum
194 3485 350 3551 habuisse
363 3486 466 3552 rideri
489 3486 588 3551 debet
611 3484 752 3571 (Odyss.
765 3489 816 3565 Α).
861 3484 942 3549 Non
960 3485 1047 3548 enim
1061 3505 1129 3550 uno
1141 3486 1217 3550 loco

110 3600 170 3646 seu
184 3589 371 3670 superstitio
386 3587 443 3652 illa
456 3607 515 3651 scu
528 3586 619 3652 fraus
634 3586 806 3652 ludificata
823 3592 876 3651 est
897 3585 1067 3649 hominnm
1088 3571 1216 3652 animos

110 3684 348 3767 antiquioribus
363 3688 529 3765 aetatibus,
543 3693 581 3751 ut
602 3687 753 3752 Manium
777 3686 1000 3752 evocationem
1023 3685 1101 3750 fiai.
1115 3705 1216 3770 posse

109 3781 293 3868 crederent3
317 3786 408 3869 quod
429 3789 607 3853 etiamnum
630 3789 715 3852 iuter
728 3787 816 3852 feros
835 3793 869 3852 et
889 3786 1052 3851 barbaros
1070 3787 1216 3873 populos

109 3886 239 3964 passim
252 3888 439 3952 hominibus
454 3908 647 3970 persuasum
659 3908 732 3954 esse
744 3896 877 3954 narrant
896 3889 954 3974 qni
974 3907 1035 3952 eos
1055 3887 1215 3954 adierunt·

110 3983 275 4052 Proclivis
290 3989 375 4053 cuim
391 4007 466 4052 esse
481 3992 565 4055 solet
581 3992 710 4057 rudium
731 3992 900 4056 hominum
925 3991 1067 4067 animus,
1088 3997 1127 4057 ut
1146 3990 1215 4056 aui·

109 4100 182 4146 mas
206 4093 442 4170 postmortem
465 4095 655 4177 superstites
678 4113 753 4158 csse
772 4112 897 4179 easque
920 4093 1037 4159 iturum
1057 4094 1091 4159 iu
1113 4093 1215 4159 vitam
