2664 4686
197 349 286 417 401⁰
545 408 549 419 ,
592 346 901 428 excussusque*

197 513 232 572 to
244 525 319 570 cum
331 525 491 571 murmure
503 507 624 571 montis
639 506 672 572 lt
684 525 775 573 mare
787 512 983 592 proruptum
992 511 1032 570 et
1043 505 1167 589 pelago
1179 507 1284 592 premit

200 614 281 673 arva
302 611 449 674 sonanti:
472 608 541 672 Hic
555 614 665 672 tamen
687 608 742 671 ille
755 610 871 673 urbem
885 608 1005 674 Patavi
1025 606 1192 692 sedesque
1210 609 1284 674 loos·

200 712 248 774 vit
269 709 481 789 Teucrorum,
505 716 538 776 et
552 712 636 792 genti
651 730 770 774 nomen
783 710 885 789 dedit,
909 729 1064 792 annaque
1083 709 1161 774 fixit
1181 710 1283 791 'l'roia3

199 830 285 877 nunc
298 812 434 896 placida
447 819 639 896 compostus
652 832 736 896 pace
749 811 909 895 quiescit!

244 912 322 979 Fuit
335 912 480 979 Antenor
493 915 574 977 inter
587 932 658 991 eos,
672 916 706 978 in
720 932 858 996 quorum
870 914 971 977 rebus
982 911 1178 977 ornandisii
1192 912 1282 976 maxi·

198 1034 254 1081 me
273 1017 449 1099 scriptores
468 1015 667 1094 laborarunt,
690 1016 747 1099 qui
768 1017 971 1081 narrationes
986 1010 1193 1079 Homericae
1206 1015 1283 1078 noris

200 1120 392 1184 commentis
414 1119 454 1183 de
470 1138 531 1183 suo
555 1125 744 1197 oneranmt3
767 1136 834 1182 non
855 1119 948 1182 aliter
968 1136 1010 1181 ac
1030 1118 1060 1180 si
1077 1116 1283 1197 delectatior

199 1238 288 1285 mere
316 1220 480 1285 fabulosis
507 1226 541 1284 et
563 1227 681 1284 temere
705 1218 822 1283 effusis
842 1217 1004 1300 tigmentis
1026 1216 1282 1300 proficisceretur.

201 1318 337 1384 Scilicet
356 1340 422 1385 uon
435 1322 597 1398 tenebant,
621 1321 826 1383 narrationes
840 1319 917 1383 illas
933 1317 1139 1383 Homericae
1153 1317 1220 1382 tide
1231 1335 1284 1385 ma·

195 1420 320 1504 jurum,
343 1419 432 1484 fama
451 1422 595 1504 antiqua,
620 1426 775 1503 acceptas
788 1439 830 1484 ex
846 1421 975 1502 antiqui
989 1418 1129 1501 quidem
1141 1419 1286 1487 sermons

200 1521 312 1587 indole
330 1529 363 1586 et
385 1523 546 1600 formulis,
571 1523 779 1606 opinionibus
799 1522 976 1600 bominum,
998 1527 1170 1605 motaeque
1182 1520 1286 1585 meum

200 1623 338 1708 impetu,
352 1622 551 1708 poeticoque
570 1630 697 1700 ornatu,
719 1623 883 1687 ascititios
897 1623 1025 1695 colores
1046 1624 1204 1699 bamam,
1223 1639 1286 1685 mox

202 1724 315 1788 multis
329 1725 438 1789 modis
452 1733 485 1788 et
498 1726 608 1789 multis
626 1724 667 1789 de
683 1726 808 1800 causis,
822 1725 858 1787 in
871 1724 1072 1788 carminibus
1088 1724 1286 1807 cyclioorum,

202 1825 379 1910 lyricorum
391 1834 426 1891 et
437 1828 633 1908 tragicorum
647 1845 721 1890 esse
734 1827 891 1890 variatas·
905 1868 910 1876 ·
935 1823 982 1889 At
1001 1826 1051 1890 illi
1064 1825 1218 1890 homines
1233 1826 1287 1889 lau·

202 1926 277 1991 dem
293 1928 484 2011 quaerebant
496 1947 541 1992 ex
554 1948 607 2005 eo,
622 1928 711 2011 quod
725 1947 790 2004 res,
805 1946 889 2011 quas
902 1926 1070 1990 Homerus
1083 1922 1145 1990 se'u
1158 1943 1287 1992 summa·

202 2029 262 2093 tim
276 2035 487 2112 exposuerat,
512 2049 572 2094 seu
591 2029 731 2094 strictim
754 2034 970 2112 percurrerat,
997 2030 1031 2092 in
1053 2028 1225 2105 historias,
1246 2045 1288 2092 oo

203 2131 299 2215 piose
311 2137 346 2194 et
357 2130 471 2194 ordine
484 2130 649 2206 omnibus,
673 2147 749 2213 quae
764 2130 955 2206 inciderent,
974 2130 1148 2207 enarratis,
1169 2142 1289 2194 conver·

201 2234 316 2297 tabant
336 2237 395 2297 aut
413 2232 577 2296 clarorum
600 2230 738 2295 heroum
755 2232 943 2295 nominibus
962 2230 1053 2295 tacta
1073 2235 1110 2294 et
1130 2229 1289 2297 tatacon·

204 2335 352 2399 mentitio
369 2333 601 2416 assignabant:
624 2352 761 2416 quorum
781 2333 874 2408 nihil,
897 2332 1057 2396 interdum
1071 2350 1115 2395 ne
1127 2333 1291 2414 vestigius

204 2434 348 2517 quidem,
361 2434 397 2496 in
409 2433 648 2515 antiquioribus
662 2439 807 2512 extaret3
822 2433 891 2498 alia
902 2453 947 2497 ex
955 2432 1091 2516 Cypriis
1104 2433 1292 2498 carminibus

203 2543 263 2601 aut
282 2535 473 2612 etlesebeo
488 2534 630 2615 aliisque
650 2534 763 2616 poetis
780 2535 917 2618 cyclicis
936 2536 1110 2618 arripuere,
1129 2535 1294 2599 saltemex

204 2638 317 2701 ritulis
336 2635 411 2698 inde
424 2634 532 2698 ductis
545 2634 694 2698 hausere.
739 2636 793 2700 De
807 2635 964 2700 Antenore
977 2655 1150 2719 perpauca
1162 2639 1209 2705 ab
1230 2637 1296 2702 llo·

204 2754 295 2800 mem
308 2741 487 2800 memorata
501 2742 585 2800 sunt.
628 2734 759 2803 clarior
770 2743 821 2802 est
832 2738 906 2822 ejus
919 2757 1018 2815 uxor,
1038 2733 1175 2815 Theano,
1191 2738 1298 2804 Hecu·

205 2837 259 2902 bre
272 2857 292 2901 e
306 2836 426 2901 Cisseo
438 2856 540 2914 soror,
556 2836 719 2903 Minervae
735 2839 892 2903 sacerdos
905 2839 957 2924 (v.
967 2839 1065 2904 Iliad.
1076 2840 1191 2917 Ζ,297
1198 2837 1298 2924 sqq),

205 2959 335 3005 necnon
348 2937 419 3017 filii,
434 2940 561 3023 passim
571 2941 605 3004 in
619 2959 764 3024 pugnem
778 2941 995 3024 prodeuntem
1017 2942 1091 3023 ipse
1104 2943 1189 3006 inter
1199 2942 1300 3006 senio-

205 3062 272 3119 res,
297 3041 355 3126 qui
373 3039 550 3124 prudentia
569 3040 656 3104 alios
670 3042 927 3106 antecedebant:
951 3041 1050 3106 [liad.
1067 3050 1103 3120 Γ,
1118 3043 1198 3108 148.
1218 3043 1301 3107 idern

205 3144 336 3219 suadet.
357 3150 393 3206 ut
407 3142 538 3206 Helena
549 3143 717 3221 reddatur,
742 3151 784 3219 Η,
807 3144 874 3207 347
895 3164 971 3228 sqq.
992 3150 1027 3209 et
1051 3144 1211 3229 Ulyssem
1229 3161 1303 3208 cum

208 3243 372 3319 Menelao,
398 3249 574 3325 antequam
596 3263 688 3308 anna
711 3252 819 3307 sumta
844 3252 947 3322 emnt,
974 3246 1018 3310 ad
1036 3267 1089 3310 ras
1110 3244 1302 3329 repetmdas

205 3343 340 3429 ijam
353 3346 489 3407 missum
503 3345 648 3427 bospitio
661 3352 855 3428 exceperat:
879 3345 979 3411 Iliad.
994 3354 1030 3424 Γ,
1045 3348 1113 3411 205
1125 3365 1202 3429 sqq.
1237 3344 1304 3410 Ita·

207 3466 272 3527 que
284 3445 389 3528 'lioju
410 3453 509 3527 capta
533 3466 555 3508 a
571 3445 724 3510 Menelao
747 3454 894 3510 servatur
912 3467 989 3510 cum
1002 3447 1130 3512 sobole
1154 3444 1209 3510 Cf.
1224 3444 1305 3529 Try·

207 3545 320 3628 phiod.
337 3547 404 3611 aaa
422 3568 474 3629 sq.
520 3547 597 3612 Hoc
613 3555 770 3631 tanquam
793 3548 896 3611 tundo
919 3556 1166 3632 superstruxere
1178 3546 1306 3612 fabula·

206 3652 294 3709 tores
318 3646 378 3719 illi,
413 3667 433 3710 e
456 3648 578 3729 quibus
606 3647 850 3732 Pseudodietys
876 3657 911 3713 et
936 3648 1171 3713 Pseudodares
1198 3647 1304 3713 adbuc

206 3749 400 3832 superstites
413 3757 498 3823 sunt,
522 3749 600 3825 alia,
620 3769 653 3812 r.
668 3768 699 3811 e.
714 3748 757 3812 de
774 3748 940 3814 Anmnore
950 3770 973 3814 a
986 3749 1213 3816 laomedonte
1225 3748 1306 3813 Del·

207 3849 294 3932 pbos
304 3851 409 3911 misso
421 3848 534 3930 (Serv.
549 3851 592 3913 ud
614 3852 690 3914 AEn.
709 3869 750 3928 u,
763 3848 846 3933 318)
866 3851 910 3915 de
923 3852 1085 3935 legatim
1097 3851 1143 3915 ad
1157 3849 1309 3916 Achivos

207 3952 432 4016 subcruentus
457 3952 548 4013 mbis
567 3953 636 4016 tata
654 3952 784 4036 (heta.
800 3936 1052 4019 Postremum
1066 3951 1138 4037 sq.)
1159 3953 1310 4037 inprimis

208 4071 289 4116 reru
311 4050 511 4137 plurimade
529 4055 819 4139 proditiuueurb'm
837 4054 1233 4123 abeoetafiliisfaetn:
1255 4052 1310 4118 Gt.

211 4148 503 4222 Servaeum
544 4153 1311 4242 vanmhuaffintiqdmuth·
