2664 4686
108 290 197 355 esto
533 305 739 357 excussus
757 308 794 358 r.

108 447 1209 536 posterioribns,antdoepisodiinotloclrnomullismdtatrr·

111 557 198 629 ml,
219 551 363 634 exposui
384 551 420 614 in
441 551 519 633 ipsa
538 554 754 630 manatione,
772 558 1002 639 opportrmius
1017 578 1121 643 quam
1137 564 1164 627 si
1180 580 1211 628 re

109 673 178 721 uno
204 653 282 717 loco
309 653 480 718 cumulare
510 654 704 719 voluissem.
761 656 918 722 Aliorum
947 660 1120 726 rationem
1144 664 1212 729 rrdr

110 754 1212 843 flommredderemihivismsumaliasdammfflm,

109 863 269 940 unquam
296 860 410 944 operis
436 858 557 923 ultima
582 878 683 922 manu
710 859 801 923 haud
828 861 993 940 absoluti,
1024 865 1137 945 remli,
1160 865 1214 931 ὦ

108 958 244 1023 hnmani
257 961 381 1041 ingenii
395 960 612 1025 imbecillitati
624 961 939 1028 condormndaesse
953 963 1071 1030 dixi..
1152 1008 1159 1017 ·

153 1058 1214 1152 haetshscmmmsmtmmnaqusjuoiciilauomn

109 1164 254 1230 mure
275 1162 449 1229 Maronem
475 1165 637 1231 excellere
663 1185 758 1249 sepe
783 1168 1007 1249 pronuntiavi
1040 1168 1126 1247 (sid.
1151 1168 1215 1235 nt

3 1266 7 1277 '
110 1266 198 1348 quis.
215 1271 271 1344 11),
284 1266 374 1331 haud
388 1287 504 1350 parum
518 1267 697 1331 obscurare
712 1254 875 1347 videntur,
885 1286 967 1334 cour
988 1269 1101 1337 rnodo
1111 1272 1216 1356 prote¹

97 1368 240 1459 ‚thiae
253 1368 483 1446 destituantur,
491 1369 592 1433 modo
601 1368 844 1433 rationirerum
855 1387 898 1432 ac
912 1371 1216 1453 ternpornmdee

110 1489 177 1553 qno
197 1471 329 1535 veritati
341 1471 522 1548 historicas,
536 1477 725 1554 repugnent.
769 1469 819 1535 Ut
837 1470 1039 1552 diligentius
1054 1493 1102 1537 oa
1113 1480 1216 1540 rstrre
1260 1544 1262 1553 ,

21 1587 28 1601 ·
109 1575 417 1650 turem,mnvitme
438 1573 590 1655 inprimis
609 1573 838 1656 missanuper
858 1572 903 1637 ad
924 1592 983 1637 ma
1007 1575 1217 1641 viriamieie

111 1677 199 1754 nimi,
218 1676 343 1741 Jacohi
366 1676 504 1759 Bryant,
523 1681 617 1740 acute
640 1677 766 1759 scripta
786 1675 980 1742 dissertatio
998 1678 1047 1742 de
1067 1678 1220 1764 hisipffl,

111 1796 188 1861 qum
201 1779 237 1840 in
248 1776 390 1841 AEneide
403 1777 491 1840 male
505 1777 686 1840 constituta
696 1781 783 1840 sunt.
826 1774 1008 1843 suhalim
1020 1778 1086 1844 ille
1099 1780 1221 1845 investi

110 1866 202 1961 gavit
214 1895 266 1952 a,
280 1876 452 1959 inquibus
476 1881 534 1939 aut
555 1875 654 1939 fidem
675 1876 867 1942 historiam
880 1858 1220 1963 anthemusia

111 1974 289 2041 desideres.
332 1972 387 2039 ld
408 1975 483 2039 haec
504 1977 727 2059 potissimum,
741 1983 812 2042 tm
821 1977 870 2043 ad
883 1978 955 2042 alia
966 1983 1107 2064 passim
1118 2002 1143 2047 a
1152 1982 1221 2049 siris

70 2074 72 2078 '
111 2077 221 2143 doctis
242 2075 485 2155 animadversa,
502 2084 657 2159 respectu
678 2077 795 2142 habito
814 2081 1004 2151 moemebo
1027 2085 1221 2166 porisma

111 2179 248 2258 videbo,
261 2178 341 2264 qnid
365 2179 400 2242 in
420 2179 558 2261 singulis
578 2186 635 2244 aut
655 2178 967 2247 exeusmomaut
983 2182 1221 2251 mmmm

113 2288 171 2346 out
184 2282 403 2346 damnandnm
416 2280 524 2347 videri
539 2284 657 2364 possit.

157 2383 346 2471 Antequam
356 2403 435 2449 varo
449 2385 493 2447 ad
506 2385 635 2466 singula
649 2384 860 2462 descendam,
874 2388 1049 2465 monenda
1061 2397 1222 2461 rontonn-

112 2486 203 2550 nulla
221 2487 383 2563 universe,
400 2507 477 2570 qum
503 2486 547 2549 ad
567 2486 731 2570 judicium
752 2486 844 2550 hisce
867 2487 908 2551 de
933 2489 1042 2553 rebus
1059 2490 1220 2555 tarmdrm

111 2588 222 2653 facere
236 2593 387 2669 possunt.
432 2586 548 2650 Fidem
562 2587 757 2651 historicam
774 2595 808 2652 et
828 2587 1107 2670 probabilitatem
1120 2609 1219 2657 rerum

113 2688 158 2752 ad
170 2687 269 2750 tidem
281 2685 431 2750 fictarum
444 2706 510 2750 non
524 2706 661 2769 prorsus
675 2687 793 2752 iisdem
807 2687 931 2752 finihos
944 2693 1063 2771 teneri
1078 2712 1102 2757 a
1114 2692 1221 2757 multis

113 2788 271 2852 monitum
294 2791 367 2851 est:
389 2806 529 2850 evenere
554 2788 668 2864 multa,
691 2808 767 2871 quaa
786 2789 1059 2872 probabilitatem
1078 2813 1149 2859 non
1168 2795 1220 2858 hs·

112 2891 210 2970 hmt3
232 2895 310 2955 sunt
322 2889 389 2953 alia
402 2888 601 2972 probabilia,
616 2910 693 2972 quse
705 2890 784 2974 ipso
796 2896 916 2956 eventu
928 2896 1152 2976 comprobata
1163 2914 1219 2960 non

114 3000 201 3060 sunt.
246 2992 362 3070 Porro,
384 2994 420 3056 in
441 2990 672 3075 probabilitate
691 2991 881 3074 lingentium
901 2992 945 3056 ad
968 2993 1218 3062 delcetatimm

113 3114 194 3160 non·
210 3105 277 3160 tam
303 3094 337 3158 id
366 3093 484 3176 quaeri,
509 3111 587 3154 num
609 3092 691 3154 nihil
713 3091 867 3156 alicunde
888 3095 967 3158 elici
990 3097 1113 3178 possit,
1136 3095 1218 3182 quod

114 3216 220 3261 rerum
243 3196 389 3260 ordinem
413 3201 447 3258 et
467 3192 600 3256 modum
623 3197 767 3274 evertat3
788 3193 835 3256 ita
856 3195 941 3258 enim
964 3198 1075 3261 omnis
1096 3199 1219 3263 sublata

113 3304 202 3362 esset
216 3303 249 3361 et
263 3297 355 3360 fictio
376 3301 408 3359 et
428 3315 473 3358 ex
495 3314 537 3358 ea
556 3294 752 3358 delectatio:
775 3314 889 3359 verum
911 3301 948 3359 ut
967 3296 1051 3362 nihil
1065 3299 1120 3375 sit,
1134 3296 1216 3382 qnod

113 3397 235 3480 legenti
257 3396 311 3459 vel
335 3395 480 3458 audienti
502 3400 688 3473 succurrat,
708 3397 923 3478 scriptorisvc
936 3398 1019 3462 vitio
1033 3396 1216 3483 objiciam,

115 3498 204 3582 quod
228 3498 400 3562 admonere
423 3499 544 3581 possit,
560 3496 710 3562 fraudem
726 3499 780 3562 his
803 3499 953 3576 subesse,
971 3519 1035 3564 uec
1058 3501 1134 3578 hoc,
1156 3517 1216 3583 quo

114 3599 305 3683 expositum
320 3604 402 3676 erat,
417 3598 517 3671 modo
532 3614 584 3663 rcs
603 3606 661 3665 aut
678 3608 793 3684 gestas
815 3618 891 3664 csse
905 3606 963 3665 aut
976 3602 1048 3684 geri
1061 3604 1216 3686 potuisse.

116 3699 254 3766 Nullum
275 3699 374 3765 facile
399 3707 451 3766 est
474 3708 532 3767 aut
557 3722 630 3767 esse
652 3710 765 3789 potest
787 3703 888 3768 ullius
913 3704 1038 3788 operis,
1061 3704 1152 3788 quod
1173 3705 1215 3768 in·

113 3803 244 3888 mum
256 3802 437 3869 humanum
449 3791 591 3890 peperit,
604 3807 757 3895 inprimis
774 3806 864 3890 epici
884 3807 938 3870 vel
960 3805 1150 3884 dramatici,
1168 3822 1214 3868 u·

115 3913 304 3989 gementum
328 3906 377 3969 ita
400 3913 640 3991 comparahmr,
653 3909 734 3992 quin
755 3908 858 3974 insint
875 3907 1043 3985 nonnulla,
1060 3929 1139 3993 quoe
1159 3924 1213 3970 nec

114 4009 248 4074 tractari
263 4010 345 4074 hene
364 4028 425 4073 nec
449 4028 579 4075 summa
600 4015 670 4076 arte
687 4015 830 4076 tractata
850 4010 953 4075 nitere
971 4012 1057 4076 satis
1070 4011 1213 4095 possunt

113 4104 361 4177 omitteretne
382 4110 585 4177 tutissimum
603 4116 668 4197 est,
686 4116 756 4189 aut,
779 4112 810 4176 si
833 4111 941 4189 omitti
962 4119 1142 4199 nequeunt,
1151 4107 1213 4176 leri
