2664 4686
456 343 509 391 an
534 341 704 392 nnnrnos
736 342 812 392 nrn.
835 345 887 393 vr.
1132 328 1221 398 two

109 504 236 553 mm
247 505 269 551 e
280 485 412 552 ceteris.
455 485 629 550 Fnimvero
642 505 742 570 quam
754 487 838 551 bene
852 485 905 550 die
920 486 1030 552 medio
1043 506 1114 552 nox
1127 507 1220 553 ruere

110 588 260 669 dim,
272 586 408 655 vidant
419 589 491 655 alii.

109 724 119 731 ·
158 689 256 773 nse,
298 688 307 706 '
385 691 444 755 via
464 709 532 755 non
552 691 660 773 magis
688 691 879 774 expeditum
900 692 996 755 vides
1018 692 1091 769 iter,
1118 710 1221 775 quarn

113 790 235 857 altera.
419 793 543 875 itaque,
564 798 602 857 ut
622 791 795 870 sstearnur,
809 797 940 856 antuus
953 793 1221 857 nonsatiscom·

112 893 252 959 meum
275 892 508 979 inoerpretanuli
532 892 643 977 polites
668 893 828 958 rationem
853 899 973 971 tenere,
998 899 1058 959 aut
1085 893 1222 977 poetam

114 996 181 1061 sibl
202 996 270 1079 ipsl
290 995 380 1060 haud
402 1002 565 1072 constare,
581 999 639 1058 aut
658 993 794 1078 potum
816 995 949 1060 omnino
970 1002 1152 1078 temporum
1169 1013 1222 1060 rn-

113 1097 224 1161 tiones
238 1095 327 1161 neno
340 1115 487 1161 curasse.
531 1095 575 1161 Et
596 1095 748 1159 ultimum
769 1095 832 1160 hoc
853 1104 1012 1180 praestere
1033 1096 1151 1161 ceteris
1170 1096 1222 1161 ui·

111 1197 187 1262 dai
213 1194 300 1274 dixi,
322 1216 384 1260 nec
411 1202 519 1262 certus
547 1204 732 1280 temporum
755 1204 854 1263 notas
878 1218 953 1262 eum
977 1217 1142 1282 apponere
1162 1216 1222 1263 vo-

113 1298 232 1365 tuisse
276 1296 403 1364 ltsnec
418 1298 505 1363 infre
524 1299 559 1363 in
581 1296 688 1362 reditu
710 1297 756 1363 nd
776 1317 919 1382 superos
940 1306 1048 1364 certas
1063 1299 1223 1382 temporis

113 1402 215 1464 ectu
228 1397 362 1484 sujecta
407 1398 527 1483 Itaque
541 1397 584 1464 de
597 1418 639 1463 eo
652 1417 715 1464 nec
728 1419 801 1465 esse
817 1398 1034 1465 laborandum
1049 1397 1143 1481 dixi3
1164 1403 1223 1464 ant

114 1498 235 1564 saltem
248 1500 363 1566 licebit
375 1498 484 1566 cuivis
498 1505 640 1566 statuere
653 1519 715 1583 pro
728 1520 828 1566 sensu
840 1507 874 1566 et
887 1501 1016 1583 ingenio
1030 1518 1105 1566 suo.

418 2047 770 2128 EXCURSUS
814 2049 917 2127 xll.

527 2253 579 2304 ΒΕ
604 2253 815 2306 SALMONEO.

110 2436 115 2443 ·
158 2413 415 2492 u1,oeo-ool.
446 2412 501 2478 De
525 2412 705 2477 Salmoneo
729 2413 924 2481 consulendi
943 2413 1170 2498 Apollodorus
1190 2422 1225 2482 st

111 2515 288 2601 Hyginus.
331 2515 441 2581 Etiam
454 2514 668 2593 haecfebula,
683 2515 762 2579 dnm
786 2535 808 2580 a
826 2515 940 2580 multis
961 2522 1104 2582 tractate
1117 2524 1180 2596 est,
1202 2539 1225 2583 a

111 2617 273 2683 tenuibus
293 2615 398 2680 initiis
418 2616 538 2681 latiora
558 2614 720 2700 deinceps
741 2618 943 2682 incrementa
963 2619 1102 2702 accepit.
1148 2617 1225 2683 Ho-

113 2736 227 2781 merus
246 2717 383 2800 quidem
403 2716 529 2801 Odyss.
547 2725 586 2793 Α,
601 2717 668 2782 235
692 2717 904 2783 Salmonenrn
926 2715 1069 2801 ἇμῦμονα,
1093 2717 1224 2800 clusura,

115 2819 316 2903 simpliciter
328 2824 498 2897 memoret,
518 2826 676 2904 tanquam
696 2820 841 2886 heroiim.
886 2819 1080 2887 celebratus
1094 2823 1150 2889 ille
1164 2822 1226 2889 fuit

114 2926 252 3004 propter
264 2939 349 3004 opes
362 2925 396 2985 et
407 2926 523 2985 natam
542 2921 619 2986 inde
640 2922 916 3004 magnificentiam
931 2930 965 2989 et
979 2926 1202 3006 arrogantiam
1215 2946 1225 2990 :

66 3104 68 3111 y
113 3021 166 3085 nti
188 3018 324 3086 Aloidas
349 3024 438 3087 vasti
454 3024 614 3104 corporis
643 3022 759 3086 robore
788 3022 994 3089 ferocientes.
1039 3022 1141 3088 Nunc
1168 3024 1225 3088 ille

114 3122 300 3189 secundum
335 3123 511 3188 nonnullos
539 3124 697 3206 superbia
725 3125 831 3187 elatus
865 3122 1037 3208 quadrigis,
1066 3131 1226 3208 tanquam

116 3224 215 3290 Dens
236 3225 369 3308 aliquis,
389 3223 526 3287 inuectus
546 3244 605 3307 per
627 3224 758 3289 Elidem
778 3225 920 3289 honoros
942 3227 1072 3291 divinos
1093 3226 1226 3292 affecta·

116 3324 188 3392 bnt.
221 3326 290 3391 Pru
303 3325 390 3391 ferro
403 3326 508 3409 prisci
523 3326 671 3390 homines
687 3347 753 3391 aere
766 3327 957 3406 utebantur3
973 3328 1087 3409 itaque
1100 3347 1226 3391 cunum
1296 3312 1306 3322 ’

117 3426 194 3512 ejus
222 3447 333 3490 cretam
360 3426 553 3492 exhibuisse
575 3426 673 3492 debet
698 3428 853 3511 antiquus
881 3428 994 3511 poen.
1038 3429 1155 3495 Solum
1180 3450 1226 3498 ex

119 3549 186 3595 m
199 3528 326 3594 factmn
346 3528 518 3612 subjecero
539 3529 608 3593 alii.
653 3528 939 3614 Εᾳυίχαλκὸποὸις
959 3529 1088 3612 vulgari
1107 3529 1226 3614 poeta·

118 3648 192 3695 rum
220 3650 285 3695 usu
310 3630 577 3713 frequentantem
613 3630 715 3695 iidem
741 3629 950 3716 χαλκόκροτοι.
1007 3631 1123 3697 Facile
1151 3632 1226 3698 haec

120 3730 239 3815 metas
262 3733 306 3796 ad
331 3733 480 3816 mylhum
503 3733 664 3797 deducere
689 3740 833 3816 potuere.
878 3732 964 3796 Cum
987 3734 1066 3798 aeris
1088 3737 1226 3817 strepitu

113 3830 265 3916 fulminis
286 3845 315 3896 et
337 3833 509 3897 tonitruum
523 3836 738 3899 imitationum
754 3833 948 3897 affirmenmt
963 3835 1042 3910 alii3
1066 3835 1154 3916 quod
1175 3853 1226 3897 se·

124 3939 220 3997 cutus
233 3940 285 3997 cst
297 3933 468 4016 Virgilius.
512 3933 619 3998 Aliter
633 3954 702 3997 rem
720 3939 900 3997 tractarunt
914 3934 981 3999 alii.
1026 3934 1071 3999 V.
1086 3931 1226 4016 Apollo·

127 4032 195 4098 dor.
211 4051 238 4112 1,
252 4036 285 4111 9,
300 4037 333 4112 7,
347 4036 406 4099 ubi
419 4032 512 4118 pelles
525 4033 698 4113 induratas,
715 4032 825 4120 βῦςςσας
840 4032 1044 4122 ignoscuntur,
1060 4054 1128 4096 cum
1146 4030 1237 4103 leto,

129 4132 206 4201 tiles
217 4155 265 4203 ex
279 4155 378 4203 curru
390 4154 572 4220 suspensas
585 4155 645 4222 per
658 4136 764 4201 solum
777 4141 905 4203 metat.
950 4134 1117 4219 Agnoscis
1129 4134 1227 4203 luxu·
