2664 4686
107 318 196 386 ⁴828
527 327 727 380 excussus
750 328 791 379 n.

110 475 222 554 danus,
251 476 308 559 qui
324 474 512 538 'Saturnum
541 474 688 557 hospitio
722 474 899 558 excepisse
938 474 1091 540 dicihrr:
1132 470 1204 541 out.

109 579 260 645 Macrob.
275 578 346 642 Sat.
363 594 388 655 1,
402 578 436 641 7.
481 575 566 641 Cum
580 576 681 640 semel
694 596 790 638 unns
805 585 878 639 atur
898 578 934 639 in
954 575 1101 642 sami
1115 597 1205 643 aar·

108 687 197 746 essct
209 679 343 763 rejecta,
358 680 456 742 etiam
470 677 606 741 laneam
620 682 750 742 oetahm
771 677 815 741 ab
827 678 901 760 ejus
921 696 1079 742 excessu
1093 697 1209 744 suom

108 783 192 847 sisse
205 781 377 864 probabile
390 779 493 844 rideri
507 778 630 843 debuit
684 778 803 861 Itaque
825 778 927 860 poiita
949 796 985 842 v.
1003 778 1078 844 826
1099 779 1208 844 ‘lise

110 884 175 948 rior
197 883 303 948 donec
327 882 485 966 paulatim
501 899 541 944 ac
556 880 689 945 decolor
703 886 795 976 aetas
803 878 848 946 Et
859 879 939 942 bebi
955 879 1073 943 rabies
1085 886 1122 944 et
1134 898 1211 945 nur

112 985 273 1048 successit
295 981 458 1047 habendi!
513 981 557 1047 Et
579 981 622 1044 ad
645 980 708 1044 has
733 986 915 1063 temporum
939 981 1041 1044 vices
1063 979 1209 1064 prraeche

110 1085 208 1149 refert
230 1084 330 1168 podta
353 1086 464 1148 varias
485 1084 645 1161 fortunas,
664 1083 788 1165 quibus
802 1087 915 1164 partes
929 1081 987 1145 has
1003 1080 1210 1147 ltaliae'l'nart

105 1185 253 1270 jactatae.
305 1183 361 1249 Ad
385 1185 577 1251 historicam
591 1191 701 1249 tamen
716 1182 931 1247 subtilitatem
944 1200 1209 1265 parum-aem

111 1286 243 1351 mndata
271 1287 397 1350 dixisse
423 1288 528 1351 videri
557 1287 675 1373 debet:
713 1283 824 1348 ‘Tum
852 1302 973 1348 manus
1009 1282 1209 1349 humet

111 1392 352 1468 gentesvenero
376 1387 530 1451 Sicanae?
585 1387 676 1450 Nam
701 1383 821 1460 Sicani,
846 1386 905 1447 etsi
931 1376 1039 1467 poeta
1064 1404 1127 1449 eas
1145 1383 1210 1448 aliia

111 1506 244 1572 quoque
257 1489 341 1552 locis
353 1487 438 1573 (vu,
452 1488 519 1553 795
532 1493 566 1552 et
582 1503 638 1564 xr,
653 1484 735 1570 317)
747 1487 904 1562 nominat,
925 1487 1038 1550 nullas
1061 1487 1099 1550 in
1122 1485 1209 1550 lauta

112 1589 209 1653 sodes
224 1590 377 1669 habuere,
393 1590 452 1654 sed
466 1609 510 1653 ex
526 1589 695 1672 Hispania
718 1608 740 1652 a
761 1588 938 1669 Liguribus
956 1587 1050 1670 pulsi
1074 1589 1113 1651 in
1132 1586 1209 1651 Sici-

112 1691 189 1755 liam
213 1693 418 1775 trajecerunt,
432 1693 489 1756 ubi
512 1693 668 1775 temporis
693 1709 852 1755 successu
876 1688 1014 1754 Siculos
1027 1692 1126 1755 nacti
1144 1696 1210 1754 suri

112 1793 258 1868 accolas,
273 1794 387 1874 quiex
406 1793 506 1857 ltalia
524 1792 745 1875 profugerant.
789 1791 857 1856 Pro
872 1789 990 1854 Siculis
1002 1791 1133 1875 itaqua,
1147 1810 1208 1868 son,

113 1898 148 1956 ut
162 1892 315 1976 equidem
332 1894 413 1957 mihi
436 1895 632 1978 persuadeo,
648 1894 739 1977 quod
762 1900 912 1959 auctores
934 1893 1072 1957 haberet
1094 1894 1153 1977 qni
1171 1894 1211 1957 ita

25 2054 26 2058 ,
113 1993 290 2075 traderent,
306 2014 376 2075 seu,
392 1995 483 2080 quod
497 1995 633 2060 Servius
656 1998 813 2060 statuisse
834 1995 963 2059 videtur
988 1994 1035 2059 ad
1060 2011 1119 2072 11,
1141 1995 1210 2070 817,

114 2095 282 2180 poiiticum
295 2117 417 2163 morem
432 2103 575 2174 secutus,
591 2097 731 2162 Sicanos
745 2098 831 2162 dixit
850 2095 959 2175 Maro,
985 2098 1024 2160 ut
1040 2096 1118 2180 jam
1138 2095 1210 2161 Clu·

114 2200 205 2263 vcrio
226 2202 438 2265 observatum
453 2201 511 2263 lib.
528 2216 586 2276 111,
602 2219 632 2262 c.
650 2215 674 2276 1,
698 2219 732 2282 p.
747 2198 824 2275 788,
847 2198 909 2261 etsi
921 2197 1025 2260 edam
1038 2196 1100 2261 alii
1112 2197 1210 2280 scrip·

113 2306 199 2363 tores
222 2299 361 2364 eundem
386 2319 526 2364 errorem
549 2298 761 2376 admiserunt,
784 2318 818 2363 v.
839 2317 870 2362 c.
895 2295 985 2361 Gall.
1012 2314 1038 2374 r,
1065 2298 1121 2376 lo,
1142 2317 1212 2362 cnm

116 2399 267 2464 Macrob.
286 2418 296 2463 1
314 2401 385 2466 Sat.
401 2404 434 2466 5.
480 2399 629 2465 Maronis
644 2401 799 2484 exemplu
812 2398 940 2462 Sicanos
951 2397 1093 2463 Rutulis
1107 2401 1211 2464 sorios

114 2501 237 2584 adjecit
259 2503 317 2565 lib.
339 2520 420 2579 vrri,
444 2502 509 2566 358
535 2501 648 2565 Silius.
691 2492 877 2564 ‘senuerant
891 2505 999 2564 aream
1015 2499 1124 2564 Siculi
1144 2500 1213 2564 loca

114 2607 198 2668 iuter
211 2603 358 2668 Tiberim
373 2610 407 2667 et
421 2604 523 2665 Lirim
546 2603 605 2687 (cf.
622 2603 761 2687 Dionys
779 2620 804 2681 1,
818 2603 841 2668 9
859 2608 893 2666 et
907 2603 951 2665 al.
1002 2601 1161 2685 Inprimis
1181 2602 1213 2666 id

114 2709 250 2767 testabar
267 2709 363 2766 vetus
383 2705 552 2767 oraculum
567 2704 722 2786 Pelasgis
740 2704 872 2769 datum:
907 2703 1051 2788 Στιίχιπ
1074 2703 1212 2786 μαιόμενοι

116 2810 243 2869 Σικελῶν
268 2801 433 2888 Suscipiunt
459 2802 533 2881 alar,
559 2806 597 2881 il
622 2803 828 2889 Ἀβοριγινῐων,
853 2807 925 2869 sive
946 2826 1026 2870 vere
1048 2807 1213 2891 antiquum

115 2906 193 2971 illud
207 2906 281 2983 suit,
297 2908 369 2970 siva
384 2908 490 2970 serius
505 2904 644 2988 lictum).
690 2907 777 2971 Sane
790 2908 847 2971 ulii
863 2907 997 2972 Siculos
1020 2908 1067 2973 ad
1088 2909 1214 2973 iniurio-

115 3026 182 3073 rcm
197 3006 332 3073 Italiam
355 3013 390 3072 ct
409 3007 452 3071 ad
479 3006 574 3071 sedes
597 3007 819 3072 OEnotriurum
840 3016 1007 3088 revocant,
1022 3011 1148 3094 quibus
1167 3030 1213 3074 re·

115 3114 201 3176 lictis
226 3112 274 3175 illi
298 3113 332 3174 in
353 3110 502 3174 Siciliam
519 3110 692 3194 trajecisse
704 3117 894 3175 narrantur:
927 3117 960 3176 et
983 3111 1087 3177 habet
1106 3114 1212 3196 utiquo

114 3215 177 3277 hoc
192 3213 458 3297 probabilitatem
473 3231 517 3273 ex
531 3230 583 3287 co,
600 3209 692 3293 quod
715 3231 734 3274 e
756 3211 965 3295 propioribus
987 3212 1075 3278 locis
1087 3213 1212 3278 facilior

115 3332 189 3376 esse
203 3313 315 3376 debuit
329 3314 485 3395 trajectus
509 3313 541 3373 in
568 3311 720 3388 insulam,
746 3330 845 3394 quam
859 3312 1001 3376 calceis
1016 3315 1111 3379 cirea
1123 3312 1211 3378 'libc-

115 3415 185 3475 rim.
240 3412 416 3475 Enimvero
430 3430 496 3473 uon
515 3412 579 3474 uisi
598 3413 722 3475 incerta
736 3411 779 3475 de
792 3412 843 3475 his
856 3412 947 3476 sama
960 3432 1005 3476 ex
1020 3416 1210 3499 antiquitate

114 3513 284 3594 superfuit,
299 3532 397 3596 quam
411 3513 453 3575 ad
469 3520 591 3576 certam
607 3514 752 3596 aliquam
773 3514 1042 3596 probabilitatem
1066 3515 1209 3598 ratingen

115 3613 306 3678 studuenmt
333 3615 522 3699 scriptores
548 3636 607 3700 pro
633 3636 695 3679 suo
720 3618 862 3699 quisque
886 3617 1020 3698 iugenio
1044 3637 1088 3682 au
1110 3633 1208 3682 sensu

116 3714 212 3780 Modi
236 3721 347 3778 autem
371 3724 462 3780 erant
475 3718 597 3800 plures,
611 3721 733 3803 quibus
748 3719 838 3783 fama
860 3719 919 3783 illa
936 3724 1036 3783 vetus
1060 3719 1165 3803 digeri
1179 3719 1208 3779 et

115 3817 270 3882 constitui
284 3825 409 3900 posset.
454 3819 571 3903 ltaque
587 3822 656 3898 alii,
672 3828 709 3885 ut
728 3819 914 3886 Antiochus
936 3821 1167 3904 Syracusanus
1181 3821 1207 3879 ά

114 3919 327 4005 Thucydides
347 3918 542 4006 (Polybium
568 3943 699 4008 quoque
724 3925 759 3987 in
787 3944 827 3988 ea
850 3924 1012 3988 sententia
1035 3922 1141 3988 firissa
1159 3937 1205 4001 ap

115 4031 209 4102 paret
222 4043 267 4087 ex
280 4024 323 4087 iis
352 4043 428 4107 quae
450 4023 491 4087 de
511 4025 626 4089 locris
640 4029 750 4088 narrat
765 4025 924 4109 Excerpt.
938 4024 998 4090 lib.
1015 4039 1090 4102 111,
1103 4023 1145 4089 Τ.
1159 4034 1201 4091 uh

114 4138 149 4201 p.
163 4122 256 4206 8⁴28),
279 4127 314 4188 in
336 4132 483 4191 extrema
498 4125 598 4191 ltalia
618 4124 751 4190 Siculos
773 4125 879 4190 luisse
896 4126 1002 4203 aiam,
1016 4127 1078 4209 qni
1098 4120 1200 4210 Ouidl
