<?xml version="1.0" encoding="UTF-8"?>
<!DOCTYPE html PUBLIC "-//W3C//DTD XHTML 1.0 Transitional//EN"
    "http://www.w3.org/TR/xhtml1/DTD/xhtml1-transitional.dtd">
<html xmlns="http://www.w3.org/1999/xhtml" xml:lang="en" lang="en">
 <head>
  <title>
</title>
<meta http-equiv="Content-Type" content="text/html;charset=utf-8" />
  <meta name='ocr-system' content='tesseract 3.04.00' />
  <meta name='ocr-capabilities' content='ocr_page ocr_carea ocr_par ocr_line ocrx_word'/>
</head>
<body>
  <div class='ocr_page' id='page_1' title='image "./pvirgiliimaroni00virggoog/pvirgiliimaroni00virggoog_0606.png"; bbox 0 0 2664 4686; ppageno 0'>
   <div class='ocr_carea' id='block_1_1' title="bbox 498 332 1167 398">
    <p class='ocr_par' dir='ltr' id='par_1_1' title="bbox 498 332 1167 398">
     <span class='ocr_line' id='line_1_1' title="bbox 498 332 1167 398; baseline 0.012 -7"><span class='ocrx_word' id='word_1_1' title='bbox 498 344 533 394; x_wconf 86' lang='grc'><strong>5.</strong></span> <span class='ocrx_word' id='word_1_2' title='bbox 556 341 732 395; x_wconf 81' lang='grc'><strong>5555555.</strong></span> <span class='ocrx_word' id='word_1_3' title='bbox 1078 332 1167 398; x_wconf 82' lang='grc'><strong>4555</strong></span> 
     </span>
    </p>
   </div>
   <div class='ocr_carea' id='block_1_2' title="bbox 55 477 1186 2798">
    <p class='ocr_par' dir='ltr' id='par_1_2' title="bbox 55 477 1172 2075">
     <span class='ocr_line' id='line_1_2' title="bbox 100 477 1169 571; baseline 0.001 -19"><span class='ocrx_word' id='word_1_4' title='bbox 100 477 213 567; x_wconf 65' lang='lat' dir='ltr'><strong>tanos</strong></span> <span class='ocrx_word' id='word_1_5' title='bbox 235 485 278 552; x_wconf 91' lang='lat' dir='ltr'><strong>ad</strong></span> <span class='ocrx_word' id='word_1_6' title='bbox 302 492 473 552; x_wconf 87' lang='lat' dir='ltr'><strong>anctorum</strong></span> <span class='ocrx_word' id='word_1_7' title='bbox 496 484 720 553; x_wconf 72' lang='lat' dir='ltr'><strong>classicorum</strong></span> <span class='ocrx_word' id='word_1_8' title='bbox 741 486 947 571; x_wconf 83' lang='lat' dir='ltr'><strong>exemplaria</strong></span> <span class='ocrx_word' id='word_1_9' title='bbox 962 487 1112 571; x_wconf 84' lang='lat' dir='ltr'><strong>pertinet,</strong></span> <span class='ocrx_word' id='word_1_10' title='bbox 1135 489 1169 553; x_wconf 90' lang='lat' dir='ltr'><strong>in</strong></span> 
     </span>
     <span class='ocr_line' id='line_1_3' title="bbox 55 587 1168 673; baseline 0.004 -22"><span class='ocrx_word' id='word_1_11' title='bbox 55 587 1065 673; x_wconf 65' lang='grc'><strong>’55551555515115555555115’5551555155515155515511553</strong></span> <span class='ocrx_word' id='word_1_12' title='bbox 1077 588 1168 655; x_wconf 76' lang='grc'><strong>11555</strong></span> 
     </span>
     <span class='ocr_line' id='line_1_4' title="bbox 59 685 1169 772; baseline 0.005 -22"><span class='ocrx_word' id='word_1_13' title='bbox 59 685 166 752; x_wconf 82' lang='lat' dir='ltr'><strong>aditio</strong></span> <span class='ocrx_word' id='word_1_14' title='bbox 194 686 336 751; x_wconf 82' lang='lat' dir='ltr'><strong>eundern</strong></span> <span class='ocrx_word' id='word_1_15' title='bbox 362 689 450 772; x_wconf 83' lang='lat' dir='ltr'><strong>sapit</strong></span> <span class='ocrx_word' id='word_1_16' title='bbox 469 688 605 752; x_wconf 89' lang='lat' dir='ltr'><strong>modum</strong></span> <span class='ocrx_word' id='word_1_17' title='bbox 635 708 734 772; x_wconf 89' lang='lat' dir='ltr'><strong>quem</strong></span> <span class='ocrx_word' id='word_1_18' title='bbox 755 691 838 754; x_wconf 87' lang='lat' dir='ltr'><strong>varii</strong></span> <span class='ocrx_word' id='word_1_19' title='bbox 867 689 956 768; x_wconf 89' lang='lat' dir='ltr'><strong>libri,</strong></span> <span class='ocrx_word' id='word_1_20' title='bbox 980 687 1169 754; x_wconf 76' lang='lat' dir='ltr'><strong>exofficiua</strong></span> 
     </span>
     <span class='ocr_line' id='line_1_5' title="bbox 61 786 1168 873; baseline 0.002 -22"><span class='ocrx_word' id='word_1_21' title='bbox 61 786 242 872; x_wconf 75' lang='lat' dir='ltr'><strong>Vslpiana,</strong></span> <span class='ocrx_word' id='word_1_22' title='bbox 264 789 299 851; x_wconf 93' lang='lat' dir='ltr'><strong>in</strong></span> <span class='ocrx_word' id='word_1_23' title='bbox 312 807 410 854; x_wconf 87' lang='lat' dir='ltr'><strong>usum</strong></span> <span class='ocrx_word' id='word_1_24' title='bbox 433 786 620 855; x_wconf 86' lang='lat' dir='ltr'><strong>scholamm</strong></span> <span class='ocrx_word' id='word_1_25' title='bbox 641 789 823 873; x_wconf 78' lang='lat' dir='ltr'><strong>designati3</strong></span> <span class='ocrx_word' id='word_1_26' title='bbox 843 786 1091 868; x_wconf 77' lang='lat' dir='ltr'><strong>nihilordr&#39;rris,</strong></span> <span class='ocrx_word' id='word_1_27' title='bbox 1112 789 1168 855; x_wconf 88' lang='grc'><strong>551</strong></span> 
     </span>
     <span class='ocr_line' id='line_1_6' title="bbox 62 886 1169 978; baseline 0.005 -26"><span class='ocrx_word' id='word_1_28' title='bbox 62 886 346 975; x_wconf 66' lang='lat' dir='ltr'><strong>immutationis,</strong></span> <span class='ocrx_word' id='word_1_29' title='bbox 369 893 425 957; x_wconf 82' lang='lat' dir='ltr'><strong>vel</strong></span> <span class='ocrx_word' id='word_1_30' title='bbox 452 888 606 955; x_wconf 80' lang='lat' dir='ltr'><strong>Verriont&#39;s</strong></span> <span class='ocrx_word' id='word_1_31' title='bbox 632 891 775 978; x_wconf 73' lang='lat' dir='ltr'><strong>Anglicc</strong></span> <span class='ocrx_word' id='word_1_32' title='bbox 799 894 956 957; x_wconf 84' lang='lat' dir='ltr'><strong>continet.</strong></span> <span class='ocrx_word' id='word_1_33' title='bbox 1002 890 1103 970; x_wconf 84' lang='lat' dir='ltr'><strong>Quod</strong></span> <span class='ocrx_word' id='word_1_34' title='bbox 1124 893 1169 958; x_wconf 91' lang='lat' dir='ltr'><strong>ad</strong></span> 
     </span>
     <span class='ocr_line' id='line_1_7' title="bbox 60 990 1169 1078; baseline 0.005 -23"><span class='ocrx_word' id='word_1_35' title='bbox 60 997 162 1055; x_wconf 82' lang='lat' dir='ltr'><strong>notas</strong></span> <span class='ocrx_word' id='word_1_36' title='bbox 175 990 315 1076; x_wconf 82' lang='lat' dir='ltr'><strong>Angliee</strong></span> <span class='ocrx_word' id='word_1_37' title='bbox 330 994 473 1077; x_wconf 86' lang='lat' dir='ltr'><strong>scriptas</strong></span> <span class='ocrx_word' id='word_1_38' title='bbox 487 994 613 1072; x_wconf 77' lang='lat' dir='ltr'><strong>attinet,</strong></span> <span class='ocrx_word' id='word_1_39' title='bbox 636 1013 733 1060; x_wconf 90' lang='lat' dir='ltr'><strong>nemo</strong></span> <span class='ocrx_word' id='word_1_40' title='bbox 753 1013 820 1058; x_wconf 91' lang='lat' dir='ltr'><strong>non</strong></span> <span class='ocrx_word' id='word_1_41' title='bbox 838 1013 972 1078; x_wconf 87' lang='lat' dir='ltr'><strong>operam</strong></span> <span class='ocrx_word' id='word_1_42' title='bbox 986 990 1073 1058; x_wconf 84' lang='lat' dir='ltr'><strong>hanc</strong></span> <span class='ocrx_word' id='word_1_43' title='bbox 1092 1014 1169 1078; x_wconf 88' lang='lat' dir='ltr'><strong>pro-</strong></span> 
     </span>
     <span class='ocr_line' id='line_1_8' title="bbox 61 1092 1169 1181; baseline 0.004 -24"><span class='ocrx_word' id='word_1_44' title='bbox 61 1092 181 1158; x_wconf 84' lang='lat' dir='ltr'><strong>babit:</strong></span> <span class='ocrx_word' id='word_1_45' title='bbox 218 1112 263 1158; x_wconf 88' lang='lat' dir='ltr'><strong>ex</strong></span> <span class='ocrx_word' id='word_1_46' title='bbox 289 1095 411 1181; x_wconf 86' lang='lat' dir='ltr'><strong>quibus</strong></span> <span class='ocrx_word' id='word_1_47' title='bbox 443 1095 556 1159; x_wconf 66' lang='lat' dir='ltr'><strong>multas</strong></span> <span class='ocrx_word' id='word_1_48' title='bbox 579 1114 623 1159; x_wconf 84' lang='lat' dir='ltr'><strong>ex</strong></span> <span class='ocrx_word' id='word_1_49' title='bbox 648 1095 849 1179; x_wconf 67' lang='lat' dir='ltr'><strong>Delphinus,</strong></span> <span class='ocrx_word' id='word_1_50' title='bbox 874 1095 1169 1180; x_wconf 81' lang='lat' dir='ltr'><strong>Professorumquc</strong></span> 
     </span>
     <span class='ocr_line' id='line_1_9' title="bbox 62 1189 1169 1280; baseline 0.003 -23"><span class='ocrx_word' id='word_1_51' title='bbox 62 1189 212 1279; x_wconf 75' lang='lat' dir='ltr'><strong>Martyni</strong></span> <span class='ocrx_word' id='word_1_52' title='bbox 225 1199 259 1258; x_wconf 85' lang='grc'><strong>51</strong></span> <span class='ocrx_word' id='word_1_53' title='bbox 273 1195 398 1280; x_wconf 83' lang='lat' dir='ltr'><strong>Heynii</strong></span> <span class='ocrx_word' id='word_1_54' title='bbox 413 1193 622 1273; x_wconf 73' lang='lat' dir='ltr'><strong>editionibus,</strong></span> <span class='ocrx_word' id='word_1_55' title='bbox 647 1197 761 1260; x_wconf 83' lang='lat' dir='ltr'><strong>multae</strong></span> <span class='ocrx_word' id='word_1_56' title='bbox 775 1215 795 1259; x_wconf 87' lang='grc'><strong>5</strong></span> <span class='ocrx_word' id='word_1_57' title='bbox 808 1195 938 1273; x_wconf 82' lang='lat' dir='ltr'><strong>Servio,</strong></span> <span class='ocrx_word' id='word_1_58' title='bbox 952 1202 987 1260; x_wconf 89' lang='grc'><strong>51</strong></span> <span class='ocrx_word' id='word_1_59' title='bbox 1007 1201 1169 1280; x_wconf 84' lang='lat' dir='ltr'><strong>praestan·</strong></span> 
     </span>
     <span class='ocr_line' id='line_1_10' title="bbox 62 1292 1170 1378; baseline 0 -18"><span class='ocrx_word' id='word_1_60' title='bbox 62 1293 206 1360; x_wconf 72' lang='lat' dir='ltr'><strong>fissuris</strong></span> <span class='ocrx_word' id='word_1_61' title='bbox 227 1292 257 1358; x_wconf 89' lang='lat'><strong>1.</strong></span> <span class='ocrx_word' id='word_1_62' title='bbox 270 1295 319 1360; x_wconf 89' lang='lat' dir='ltr'><strong>H.</strong></span> <span class='ocrx_word' id='word_1_63' title='bbox 335 1293 450 1359; x_wconf 88' lang='lat' dir='ltr'><strong>Vossii</strong></span> <span class='ocrx_word' id='word_1_64' title='bbox 464 1296 498 1358; x_wconf 93' lang='lat' dir='ltr'><strong>in</strong></span> <span class='ocrx_word' id='word_1_65' title='bbox 522 1294 665 1377; x_wconf 83' lang='lat' dir='ltr'><strong>Eologas</strong></span> <span class='ocrx_word' id='word_1_66' title='bbox 680 1303 715 1361; x_wconf 90' lang='grc'><strong>51</strong></span> <span class='ocrx_word' id='word_1_67' title='bbox 728 1292 896 1378; x_wconf 78' lang='lat' dir='ltr'><strong>Georgica</strong></span> <span class='ocrx_word' id='word_1_68' title='bbox 909 1296 998 1361; x_wconf 90' lang='lat' dir='ltr'><strong>notis</strong></span> <span class='ocrx_word' id='word_1_69' title='bbox 1018 1295 1170 1360; x_wconf 87' lang='lat' dir='ltr'><strong>derivan-</strong></span> 
     </span>
     <span class='ocr_line' id='line_1_11' title="bbox 61 1397 1172 1490; baseline 0.003 -28"><span class='ocrx_word' id='word_1_70' title='bbox 61 1403 149 1463; x_wconf 83' lang='lat' dir='ltr'><strong>tur.¹</strong></span> <span class='ocrx_word' id='word_1_71' title='bbox 187 1397 380 1463; x_wconf 77' lang='lat' dir='ltr'><strong>Notandum</strong></span> <span class='ocrx_word' id='word_1_72' title='bbox 417 1418 508 1490; x_wconf 85' lang='lat' dir='ltr'><strong>vero,</strong></span> <span class='ocrx_word' id='word_1_73' title='bbox 547 1399 638 1482; x_wconf 93' lang='lat' dir='ltr'><strong>quod</strong></span> <span class='ocrx_word' id='word_1_74' title='bbox 671 1417 738 1463; x_wconf 91' lang='lat' dir='ltr'><strong>non</strong></span> <span class='ocrx_word' id='word_1_75' title='bbox 762 1397 883 1464; x_wconf 81' lang='lat' dir='ltr'><strong>adres</strong></span> <span class='ocrx_word' id='word_1_76' title='bbox 905 1398 1090 1479; x_wconf 87' lang='lat' dir='ltr'><strong>historicas,</strong></span> <span class='ocrx_word' id='word_1_77' title='bbox 1112 1410 1172 1474; x_wconf 81' lang='lat' dir='ltr'><strong>aut</strong></span> 
     </span>
     <span class='ocr_line' id='line_1_12' title="bbox 61 1487 1170 1590; baseline 0.004 -28"><span class='ocrx_word' id='word_1_78' title='bbox 61 1497 316 1590; x_wconf 81' lang='lat' dir='ltr'><strong>mythologicas,</strong></span> <span class='ocrx_word' id='word_1_79' title='bbox 331 1487 589 1582; x_wconf 88' lang='lat' dir='ltr'><strong>chronologicas,</strong></span> <span class='ocrx_word' id='word_1_80' title='bbox 611 1504 668 1563; x_wconf 90' lang='lat' dir='ltr'><strong>aut</strong></span> <span class='ocrx_word' id='word_1_81' title='bbox 687 1499 938 1584; x_wconf 81' lang='lat' dir='ltr'><strong>geographicas,</strong></span> <span class='ocrx_word' id='word_1_82' title='bbox 953 1505 1105 1584; x_wconf 88' lang='lat' dir='ltr'><strong>spectant</strong></span> <span class='ocrx_word' id='word_1_83' title='bbox 1118 1501 1170 1568; x_wconf 77' lang='lat' dir='ltr'><strong>har</strong></span> 
     </span>
     <span class='ocr_line' id='line_1_13' title="bbox 61 1597 1170 1684; baseline 0.003 -20"><span class='ocrx_word' id='word_1_84' title='bbox 61 1607 164 1668; x_wconf 81' lang='lat' dir='ltr'><strong>notoe·</strong></span> <span class='ocrx_word' id='word_1_85' title='bbox 208 1598 256 1665; x_wconf 89' lang='lat' dir='ltr'><strong>ln&#39;</strong></span> <span class='ocrx_word' id='word_1_86' title='bbox 275 1599 397 1666; x_wconf 89' lang='lat' dir='ltr'><strong>talibus</strong></span> <span class='ocrx_word' id='word_1_87' title='bbox 421 1620 519 1684; x_wconf 92' lang='lat' dir='ltr'><strong>opem</strong></span> <span class='ocrx_word' id='word_1_88' title='bbox 547 1597 774 1684; x_wconf 82' lang='lat' dir='ltr'><strong>suppeditabit</strong></span> <span class='ocrx_word' id='word_1_89' title='bbox 802 1600 1095 1684; x_wconf 69' lang='lat' dir='ltr'><strong>lsempricrianum.</strong></span> <span class='ocrx_word' id='word_1_90' title='bbox 1117 1605 1170 1668; x_wconf 85' lang='lat' dir='ltr'><strong>vel</strong></span> 
     </span>
     <span class='ocr_line' id='line_1_14' title="bbox 61 1698 1171 1789; baseline 0.003 -24"><span class='ocrx_word' id='word_1_91' title='bbox 61 1699 153 1766; x_wconf 85' lang='lat' dir='ltr'><strong>allud</strong></span> <span class='ocrx_word' id='word_1_92' title='bbox 176 1698 319 1788; x_wconf 84' lang='lat' dir='ltr'><strong>quodvis</strong></span> <span class='ocrx_word' id='word_1_93' title='bbox 343 1703 423 1767; x_wconf 89' lang='lat' dir='ltr'><strong>boni</strong></span> <span class='ocrx_word' id='word_1_94' title='bbox 447 1702 597 1789; x_wconf 86' lang='lat' dir='ltr'><strong>nominis</strong></span> <span class='ocrx_word' id='word_1_95' title='bbox 613 1701 866 1767; x_wconf 89' lang='lat' dir='ltr'><strong>Dictionarium.</strong></span> <span class='ocrx_word' id='word_1_96' title='bbox 910 1700 1056 1766; x_wconf 75' lang='lat' dir='ltr'><strong>Teanam</strong></span> <span class='ocrx_word' id='word_1_97' title='bbox 1079 1700 1171 1768; x_wconf 85' lang='lat' dir='ltr'><strong>illua·</strong></span> 
     </span>
     <span class='ocr_line' id='line_1_15' title="bbox 62 1803 1171 1888; baseline 0.002 -20"><span class='ocrx_word' id='word_1_98' title='bbox 62 1807 150 1868; x_wconf 87' lang='lat' dir='ltr'><strong>trare</strong></span> <span class='ocrx_word' id='word_1_99' title='bbox 174 1804 248 1870; x_wconf 84' lang='lat' dir='ltr'><strong>haec</strong></span> <span class='ocrx_word' id='word_1_100' title='bbox 274 1804 377 1870; x_wconf 87' lang='lat' dir='ltr'><strong>editio</strong></span> <span class='ocrx_word' id='word_1_101' title='bbox 397 1810 545 1880; x_wconf 89' lang='lat' dir='ltr'><strong>conatur,</strong></span> <span class='ocrx_word' id='word_1_102' title='bbox 572 1808 606 1867; x_wconf 86' lang='lat' dir='ltr'><strong>et</strong></span> <span class='ocrx_word' id='word_1_103' title='bbox 627 1804 707 1868; x_wconf 90' lang='lat' dir='ltr'><strong>nihil</strong></span> <span class='ocrx_word' id='word_1_104' title='bbox 733 1803 837 1868; x_wconf 87' lang='lat' dir='ltr'><strong>ultra:</strong></span> <span class='ocrx_word' id='word_1_105' title='bbox 871 1803 962 1888; x_wconf 89' lang='lat' dir='ltr'><strong>quod</strong></span> <span class='ocrx_word' id='word_1_106' title='bbox 987 1809 1098 1870; x_wconf 80' lang='grc'><strong>155555</strong></span> <span class='ocrx_word' id='word_1_107' title='bbox 1127 1804 1171 1870; x_wconf 87' lang='grc'><strong>551</strong></span> 
     </span>
     <span class='ocr_line' id='line_1_16' title="bbox 62 1900 1169 1991; baseline 0.003 -22"><span class='ocrx_word' id='word_1_108' title='bbox 62 1923 190 1970; x_wconf 82' lang='lat' dir='ltr'><strong>errores</strong></span> <span class='ocrx_word' id='word_1_109' title='bbox 219 1907 352 1990; x_wconf 86' lang='lat' dir='ltr'><strong>typicos</strong></span> <span class='ocrx_word' id='word_1_110' title='bbox 378 1913 519 1991; x_wconf 86' lang='lat' dir='ltr'><strong>spectat,</strong></span> <span class='ocrx_word' id='word_1_111' title='bbox 540 1906 658 1970; x_wconf 88' lang='lat' dir='ltr'><strong>sinon</strong></span> <span class='ocrx_word' id='word_1_112' title='bbox 681 1906 809 1989; x_wconf 77' lang='lat' dir='ltr'><strong>penitam</strong></span> <span class='ocrx_word' id='word_1_113' title='bbox 833 1903 1057 1984; x_wconf 86' lang='lat' dir='ltr'><strong>immaculata,</strong></span> <span class='ocrx_word' id='word_1_114' title='bbox 1071 1900 1169 1972; x_wconf 86' lang='lat' dir='ltr'><strong>raris·</strong></span> 
     </span>
     <span class='ocr_line' id='line_1_17' title="bbox 63 2005 464 2075; baseline -0.01 0"><span class='ocrx_word' id='word_1_115' title='bbox 63 2005 152 2075; x_wconf 79' lang='lat' dir='ltr'><strong>simc</strong></span> <span class='ocrx_word' id='word_1_116' title='bbox 163 2012 273 2071; x_wconf 88' lang='lat' dir='ltr'><strong>tamen</strong></span> <span class='ocrx_word' id='word_1_117' title='bbox 286 2006 464 2073; x_wconf 85' lang='lat' dir='ltr'><strong>claudicat.</strong></span> 
     </span>
    </p>

    <p class='ocr_par' dir='ltr' id='par_1_3' title="bbox 63 2105 1186 2291">
     <span class='ocr_line' id='line_1_18' title="bbox 63 2105 1169 2192; baseline 0.003 -21"><span class='ocrx_word' id='word_1_118' title='bbox 63 2105 153 2172; x_wconf 83' lang='grc'><strong>1818</strong></span> <span class='ocrx_word' id='word_1_119' title='bbox 190 2108 292 2173; x_wconf 90' lang='lat' dir='ltr'><strong>P.·V.</strong></span> <span class='ocrx_word' id='word_1_120' title='bbox 309 2108 360 2173; x_wconf 89' lang='grc' dir='ltr'><strong>Μ.</strong></span> <span class='ocrx_word' id='word_1_121' title='bbox 396 2108 519 2192; x_wconf 86' lang='lat' dir='ltr'><strong>Opera,</strong></span> <span class='ocrx_word' id='word_1_122' title='bbox 559 2114 592 2173; x_wconf 92' lang='lat' dir='ltr'><strong>et</strong></span> <span class='ocrx_word' id='word_1_123' title='bbox 625 2109 783 2174; x_wconf 91' lang='lat' dir='ltr'><strong>nonnulla</strong></span> <span class='ocrx_word' id='word_1_124' title='bbox 816 2106 965 2192; x_wconf 83' lang='lat' dir='ltr'><strong>ejusdam</strong></span> <span class='ocrx_word' id='word_1_125' title='bbox 995 2107 1169 2191; x_wconf 86' lang='lat' dir='ltr'><strong>opuscula.</strong></span> 
     </span>
     <span class='ocr_line' id='line_1_19' title="bbox 72 2206 1186 2291; baseline -0.002 -18"><span class='ocrx_word' id='word_1_126' title='bbox 72 2259 77 2273; x_wconf 80' lang='grc'><strong>.</strong></span> <span class='ocrx_word' id='word_1_127' title='bbox 107 2206 293 2273; x_wconf 79' lang='grc'><strong>1155555511</strong></span> <span class='ocrx_word' id='word_1_128' title='bbox 310 2215 343 2273; x_wconf 90' lang='grc'><strong>51</strong></span> <span class='ocrx_word' id='word_1_129' title='bbox 361 2210 542 2287; x_wconf 84' lang='lat' dir='ltr'><strong>accuravit,</strong></span> <span class='ocrx_word' id='word_1_130' title='bbox 563 2229 609 2274; x_wconf 84' lang='lat' dir='ltr'><strong>ex</strong></span> <span class='ocrx_word' id='word_1_131' title='bbox 630 2209 708 2273; x_wconf 88' lang='lat' dir='ltr'><strong>edit.</strong></span> <span class='ocrx_word' id='word_1_132' title='bbox 733 2208 772 2272; x_wconf 88' lang='lat' dir='ltr'><strong>C.</strong></span> <span class='ocrx_word' id='word_1_133' title='bbox 787 2208 831 2272; x_wconf 91' lang='lat' dir='ltr'><strong>G.</strong></span> <span class='ocrx_word' id='word_1_134' title='bbox 849 2207 981 2291; x_wconf 85' lang='lat' dir='ltr'><strong>Heyne,</strong></span> <span class='ocrx_word' id='word_1_135' title='bbox 1001 2206 1186 2272; x_wconf 74' lang='lat' dir='ltr'><strong>lohannes-</strong></span> 
     </span>
    </p>

    <p class='ocr_par' dir='ltr' id='par_1_4' title="bbox 107 2308 725 2395">
     <span class='ocr_line' id='line_1_20' title="bbox 107 2308 725 2395; baseline 0 -21"><span class='ocrx_word' id='word_1_136' title='bbox 107 2308 228 2395; x_wconf 86' lang='lat' dir='ltr'><strong>Carey,</strong></span> <span class='ocrx_word' id='word_1_137' title='bbox 244 2310 364 2375; x_wconf 74' lang='lat' dir='ltr'><strong>Lm).</strong></span> <span class='ocrx_word' id='word_1_138' title='bbox 380 2311 487 2384; x_wconf 86' lang='lat' dir='ltr'><strong>Lond.</strong></span> <span class='ocrx_word' id='word_1_139' title='bbox 504 2311 725 2377; x_wconf 77' lang='grc'><strong>18181255.</strong></span> 
     </span>
    </p>

    <p class='ocr_par' dir='ltr' id='par_1_5' title="bbox 62 2410 1173 2798">
     <span class='ocr_line' id='line_1_21' title="bbox 105 2410 1170 2494; baseline 0.003 -20"><span class='ocrx_word' id='word_1_140' title='bbox 105 2410 200 2477; x_wconf 46' lang='grc' dir='ltr'><strong>ἸΗ555</strong></span> <span class='ocrx_word' id='word_1_141' title='bbox 222 2413 317 2476; x_wconf 88' lang='grc'><strong>555111</strong></span> <span class='ocrx_word' id='word_1_142' title='bbox 342 2412 525 2494; x_wconf 86' lang='lat' dir='ltr'><strong>‘Regentis</strong></span> <span class='ocrx_word' id='word_1_143' title='bbox 549 2410 786 2493; x_wconf 68' lang='lat' dir='ltr'><strong>Editiu,’&#39;quaa</strong></span> <span class='ocrx_word' id='word_1_144' title='bbox 810 2411 1068 2477; x_wconf 87' lang='grc'><strong>515555115551</strong></span> <span class='ocrx_word' id='word_1_145' title='bbox 1094 2411 1170 2477; x_wconf 80' lang='lat' dir='ltr'><strong>aliis</strong></span> 
     </span>
     <span class='ocr_line' id='line_1_22' title="bbox 62 2511 1170 2598; baseline -0.001 -21"><span class='ocrx_word' id='word_1_146' title='bbox 62 2511 238 2596; x_wconf 81' lang='lat' dir='ltr'><strong>qttibusvis</strong></span> <span class='ocrx_word' id='word_1_147' title='bbox 252 2515 405 2578; x_wconf 81' lang='lat' dir='ltr'><strong>litorariis</strong></span> <span class='ocrx_word' id='word_1_148' title='bbox 426 2513 624 2598; x_wconf 90' lang='lat' dir='ltr'><strong>adjumentis</strong></span> <span class='ocrx_word' id='word_1_149' title='bbox 644 2512 765 2596; x_wconf 91' lang='lat' dir='ltr'><strong>prodit,</strong></span> <span class='ocrx_word' id='word_1_150' title='bbox 789 2511 843 2598; x_wconf 94' lang='lat' dir='ltr'><strong>(ut</strong></span> <span class='ocrx_word' id='word_1_151' title='bbox 864 2512 998 2595; x_wconf 86' lang='lat' dir='ltr'><strong>quidem</strong></span> <span class='ocrx_word' id='word_1_152' title='bbox 1017 2512 1170 2595; x_wconf 75' lang='lat' dir='ltr'><strong>plurimas</strong></span> 
     </span>
     <span class='ocr_line' id='line_1_23' title="bbox 62 2613 1171 2698; baseline 0.001 -22"><span class='ocrx_word' id='word_1_153' title='bbox 62 2613 163 2678; x_wconf 82' lang='lat' dir='ltr'><strong>famae</strong></span> <span class='ocrx_word' id='word_1_154' title='bbox 190 2614 298 2678; x_wconf 84' lang='lat' dir='ltr'><strong>felicis</strong></span> <span class='ocrx_word' id='word_1_155' title='bbox 319 2615 485 2678; x_wconf 85' lang='grc'><strong>5511115555</strong></span> <span class='ocrx_word' id='word_1_156' title='bbox 507 2615 612 2678; x_wconf 86' lang='grc'><strong>5151551</strong></span> <span class='ocrx_word' id='word_1_157' title='bbox 642 2614 766 2698; x_wconf 88' lang='lat' dir='ltr'><strong>solent)</strong></span> <span class='ocrx_word' id='word_1_158' title='bbox 795 2614 852 2678; x_wconf 89' lang='lat' dir='ltr'><strong>sed</strong></span> <span class='ocrx_word' id='word_1_159' title='bbox 886 2613 1025 2676; x_wconf 84' lang='lat' dir='ltr'><strong>fideliter</strong></span> <span class='ocrx_word' id='word_1_160' title='bbox 1050 2614 1171 2679; x_wconf 86' lang='grc'><strong>51515-</strong></span> 
     </span>
     <span class='ocr_line' id='line_1_24' title="bbox 63 2717 1173 2798; baseline 0 -19"><span class='ocrx_word' id='word_1_161' title='bbox 63 2721 215 2797; x_wconf 75' lang='lat' dir='ltr'><strong>gunter-a</strong></span> <span class='ocrx_word' id='word_1_162' title='bbox 228 2717 299 2780; x_wconf 88' lang='lat' dir='ltr'><strong>viro</strong></span> <span class='ocrx_word' id='word_1_163' title='bbox 324 2717 357 2778; x_wconf 94' lang='lat' dir='ltr'><strong>in</strong></span> <span class='ocrx_word' id='word_1_164' title='bbox 372 2717 466 2798; x_wconf 90' lang='lat' dir='ltr'><strong>prelo</strong></span> <span class='ocrx_word' id='word_1_165' title='bbox 488 2717 572 2780; x_wconf 90' lang='lat' dir='ltr'><strong>bene</strong></span> <span class='ocrx_word' id='word_1_166' title='bbox 596 2724 741 2795; x_wconf 88' lang='lat' dir='ltr'><strong>versato,</strong></span> <span class='ocrx_word' id='word_1_167' title='bbox 770 2737 831 2781; x_wconf 85' lang='lat' dir='ltr'><strong>nec</strong></span> <span class='ocrx_word' id='word_1_168' title='bbox 856 2718 964 2780; x_wconf 89' lang='lat' dir='ltr'><strong>minus</strong></span> <span class='ocrx_word' id='word_1_169' title='bbox 989 2717 1114 2780; x_wconf 83' lang='lat' dir='ltr'><strong>criticae</strong></span> <span class='ocrx_word' id='word_1_170' title='bbox 1139 2720 1173 2779; x_wconf 86' lang='lat' dir='ltr'><strong>et</strong></span> 
     </span>
    </p>
   </div>
   <div class='ocr_carea' id='block_1_3' title="bbox 63 2817 1173 3003">
    <p class='ocr_par' dir='ltr' id='par_1_6' title="bbox 63 2817 1173 3003">
     <span class='ocr_line' id='line_1_25' title="bbox 63 2817 809 2900; baseline -0.003 -16"><span class='ocrx_word' id='word_1_171' title='bbox 63 2817 291 2897; x_wconf 73' lang='lat' dir='ltr'><strong>grammatica</strong></span> <span class='ocrx_word' id='word_1_172' title='bbox 307 2819 457 2882; x_wconf 85' lang='lat' dir='ltr'><strong>scientiae</strong></span> <span class='ocrx_word' id='word_1_173' title='bbox 468 2819 591 2900; x_wconf 87' lang='lat' dir='ltr'><strong>perito,</strong></span> <span class='ocrx_word' id='word_1_174' title='bbox 607 2824 809 2882; x_wconf 87' lang='lat' dir='ltr'><strong>recensetur.</strong></span> 
     </span>
     <span class='ocr_line' id='line_1_26' title="bbox 64 2916 1173 3003; baseline 0.002 -23"><span class='ocrx_word' id='word_1_175' title='bbox 64 2916 153 2982; x_wconf 91' lang='grc'><strong>1819</strong></span> <span class='ocrx_word' id='word_1_176' title='bbox 181 2918 220 2981; x_wconf 91' lang='lat' dir='ltr'><strong>P.</strong></span> <span class='ocrx_word' id='word_1_177' title='bbox 236 2917 280 2981; x_wconf 93' lang='lat' dir='ltr'><strong>V.</strong></span> <span class='ocrx_word' id='word_1_178' title='bbox 298 2918 348 2983; x_wconf 89' lang='grc' dir='ltr'><strong>Μ.</strong></span> <span class='ocrx_word' id='word_1_179' title='bbox 373 2918 497 3003; x_wconf 81' lang='lat' dir='ltr'><strong>Opera.</strong></span> <span class='ocrx_word' id='word_1_180' title='bbox 543 2919 597 2983; x_wconf 90' lang='lat' dir='ltr'><strong>Ex</strong></span> <span class='ocrx_word' id='word_1_181' title='bbox 621 2920 699 2983; x_wconf 88' lang='lat' dir='ltr'><strong>edit.</strong></span> <span class='ocrx_word' id='word_1_182' title='bbox 722 2919 802 2983; x_wconf 86' lang='lat' dir='ltr'><strong>Clrr.</strong></span> <span class='ocrx_word' id='word_1_183' title='bbox 828 2919 872 2982; x_wconf 92' lang='lat' dir='ltr'><strong>G.</strong></span> <span class='ocrx_word' id='word_1_184' title='bbox 897 2918 1029 3003; x_wconf 83' lang='lat' dir='ltr'><strong>Heyn&#39;c.</strong></span> <span class='ocrx_word' id='word_1_185' title='bbox 1086 2918 1173 2982; x_wconf 83' lang='lat' dir='ltr'><strong>Crim</strong></span> 
     </span>
    </p>
   </div>
   <div class='ocr_carea' id='block_1_4' title="bbox 106 3018 1284 3108">
    <p class='ocr_par' dir='ltr' id='par_1_7' title="bbox 106 3018 1284 3108">
     <span class='ocr_line' id='line_1_27' title="bbox 106 3018 1284 3108; baseline 0.001 -28"><span class='ocrx_word' id='word_1_186' title='bbox 106 3019 196 3081; x_wconf 85' lang='lat' dir='ltr'><strong>uotis</strong></span> <span class='ocrx_word' id='word_1_187' title='bbox 219 3019 252 3080; x_wconf 91' lang='lat' dir='ltr'><strong>in</strong></span> <span class='ocrx_word' id='word_1_188' title='bbox 267 3039 363 3082; x_wconf 88' lang='lat' dir='ltr'><strong>usum</strong></span> <span class='ocrx_word' id='word_1_189' title='bbox 379 3018 552 3108; x_wconf 85' lang='lat' dir='ltr'><strong>Delphini.</strong></span> <span class='ocrx_word' id='word_1_190' title='bbox 587 3020 627 3083; x_wconf 94' lang='lat' dir='ltr'><strong>In</strong></span> <span class='ocrx_word' id='word_1_191' title='bbox 641 3040 738 3083; x_wconf 89' lang='lat' dir='ltr'><strong>usum</strong></span> <span class='ocrx_word' id='word_1_192' title='bbox 754 3019 954 3082; x_wconf 85' lang='lat' dir='ltr'><strong>scholarum.</strong></span> <span class='ocrx_word' id='word_1_193' title='bbox 988 3018 1029 3081; x_wconf 93' lang='lat' dir='ltr'><strong>In</strong></span> <span class='ocrx_word' id='word_1_194' title='bbox 1043 3019 1174 3092; x_wconf 67' lang='lat' dir='ltr'><strong>aedibus</strong></span> <span class='ocrx_word' id='word_1_195' title='bbox 1279 3021 1284 3027; x_wconf 81' lang='grc'><strong>“</strong></span> 
     </span>
    </p>
   </div>
   <div class='ocr_carea' id='block_1_5' title="bbox 64 3117 1254 4100">
    <p class='ocr_par' dir='ltr' id='par_1_8' title="bbox 73 3117 926 3204">
     <span class='ocr_line' id='line_1_28' title="bbox 73 3117 926 3204; baseline 0 -21"><span class='ocrx_word' id='word_1_196' title='bbox 73 3144 90 3155; x_wconf 93' lang='grc'><strong>··</strong></span> <span class='ocrx_word' id='word_1_197' title='bbox 109 3117 300 3202; x_wconf 77' lang='lat' dir='ltr'><strong>ValpiauiS.</strong></span> <span class='ocrx_word' id='word_1_198' title='bbox 344 3120 565 3186; x_wconf 74' lang='lat' dir='ltr'><strong>Luna-1819.</strong></span> <span class='ocrx_word' id='word_1_199' title='bbox 581 3122 658 3186; x_wconf 86' lang='grc'><strong>855.</strong></span> <span class='ocrx_word' id='word_1_200' title='bbox 674 3142 732 3204; x_wconf 92' lang='lat' dir='ltr'><strong>pp.</strong></span> <span class='ocrx_word' id='word_1_201' title='bbox 749 3121 825 3184; x_wconf 74' lang='lat'><strong>638.</strong></span> <span class='ocrx_word' id='word_1_202' title='bbox 923 3142 926 3147; x_wconf 90' lang='lat'>·</span> 
     </span>
    </p>

    <p class='ocr_par' dir='ltr' id='par_1_9' title="bbox 64 3217 1254 4100">
     <span class='ocr_line' id='line_1_29' title="bbox 110 3217 1173 3309; baseline -0.001 -26"><span class='ocrx_word' id='word_1_203' title='bbox 110 3219 200 3284; x_wconf 83' lang='lat' dir='ltr'><strong>Haec</strong></span> <span class='ocrx_word' id='word_1_204' title='bbox 226 3221 329 3285; x_wconf 89' lang='lat' dir='ltr'><strong>editio</strong></span> <span class='ocrx_word' id='word_1_205' title='bbox 366 3224 410 3285; x_wconf 92' lang='lat' dir='ltr'><strong>ob</strong></span> <span class='ocrx_word' id='word_1_206' title='bbox 444 3223 561 3309; x_wconf 85' lang='grc'><strong>555155</strong></span> <span class='ocrx_word' id='word_1_207' title='bbox 590 3223 765 3286; x_wconf 88' lang='lat' dir='ltr'><strong>lectoribus</strong></span> <span class='ocrx_word' id='word_1_208' title='bbox 804 3225 874 3298; x_wconf 81' lang='lat' dir='ltr'><strong>est3</strong></span> <span class='ocrx_word' id='word_1_209' title='bbox 909 3227 943 3284; x_wconf 88' lang='grc'><strong>51</strong></span> <span class='ocrx_word' id='word_1_210' title='bbox 975 3217 1077 3301; x_wconf 84' lang='lat' dir='ltr'><strong>longo</strong></span> <span class='ocrx_word' id='word_1_211' title='bbox 1102 3219 1173 3303; x_wconf 91' lang='lat' dir='ltr'><strong>jam</strong></span> 
     </span>
     <span class='ocr_line' id='line_1_30' title="bbox 65 3320 1174 3405; baseline -0.001 -19"><span class='ocrx_word' id='word_1_212' title='bbox 65 3329 215 3404; x_wconf 85' lang='lat' dir='ltr'><strong>tempora</strong></span> <span class='ocrx_word' id='word_1_213' title='bbox 256 3325 389 3405; x_wconf 78' lang='lat' dir='ltr'><strong>cognita</strong></span> <span class='ocrx_word' id='word_1_214' title='bbox 427 3324 631 3405; x_wconf 91' lang='lat' dir='ltr'><strong>multumque</strong></span> <span class='ocrx_word' id='word_1_215' title='bbox 668 3322 816 3398; x_wconf 80' lang='lat' dir='ltr'><strong>laudata,</strong></span> <span class='ocrx_word' id='word_1_216' title='bbox 856 3341 922 3386; x_wconf 91' lang='lat' dir='ltr'><strong>non</strong></span> <span class='ocrx_word' id='word_1_217' title='bbox 961 3320 1098 3405; x_wconf 74' lang='lat' dir='ltr'><strong>requirit</strong></span> <span class='ocrx_word' id='word_1_218' title='bbox 1136 3326 1174 3385; x_wconf 90' lang='lat' dir='ltr'><strong>ut</strong></span> 
     </span>
     <span class='ocr_line' id='line_1_31' title="bbox 64 3422 1175 3507; baseline 0.002 -22"><span class='ocrx_word' id='word_1_219' title='bbox 64 3440 153 3486; x_wconf 90' lang='lat' dir='ltr'><strong>nnnc</strong></span> <span class='ocrx_word' id='word_1_220' title='bbox 175 3423 311 3486; x_wconf 90' lang='lat' dir='ltr'><strong>anobis</strong></span> <span class='ocrx_word' id='word_1_221' title='bbox 333 3424 430 3507; x_wconf 90' lang='lat' dir='ltr'><strong>plura</strong></span> <span class='ocrx_word' id='word_1_222' title='bbox 452 3422 494 3486; x_wconf 91' lang='grc'><strong>515</strong></span> <span class='ocrx_word' id='word_1_223' title='bbox 520 3443 563 3486; x_wconf 87' lang='grc'><strong>55</strong></span> <span class='ocrx_word' id='word_1_224' title='bbox 588 3422 748 3487; x_wconf 88' lang='lat' dir='ltr'><strong>dicantur.</strong></span> <span class='ocrx_word' id='word_1_225' title='bbox 794 3422 972 3486; x_wconf 86' lang='lat' dir='ltr'><strong>Profitetur</strong></span> <span class='ocrx_word' id='word_1_226' title='bbox 986 3423 1049 3486; x_wconf 91' lang='lat' dir='ltr'><strong>hoc</strong></span> <span class='ocrx_word' id='word_1_227' title='bbox 1064 3441 1175 3497; x_wconf 75' lang='lat' dir='ltr'><strong>exem·</strong></span> 
     </span>
     <span class='ocr_line' id='line_1_32' title="bbox 66 3520 1176 3610; baseline 0.001 -25"><span class='ocrx_word' id='word_1_228' title='bbox 66 3523 142 3607; x_wconf 85' lang='lat' dir='ltr'><strong>plar</strong></span> <span class='ocrx_word' id='word_1_229' title='bbox 155 3523 188 3585; x_wconf 90' lang='grc'><strong>15</strong></span> <span class='ocrx_word' id='word_1_230' title='bbox 202 3543 298 3585; x_wconf 90' lang='lat' dir='ltr'><strong>usum</strong></span> <span class='ocrx_word' id='word_1_231' title='bbox 314 3524 499 3607; x_wconf 89' lang='lat' dir='ltr'><strong>juventutis</strong></span> <span class='ocrx_word' id='word_1_232' title='bbox 513 3522 677 3608; x_wconf 88' lang='lat' dir='ltr'><strong>prodiisse</strong></span> <span class='ocrx_word' id='word_1_233' title='bbox 690 3544 699 3601; x_wconf 90' lang='grc'><strong>;</strong></span> <span class='ocrx_word' id='word_1_234' title='bbox 722 3530 754 3587; x_wconf 90' lang='lat' dir='ltr'><strong>et</strong></span> <span class='ocrx_word' id='word_1_235' title='bbox 769 3521 914 3610; x_wconf 86' lang='lat' dir='ltr'><strong>sufficiat</strong></span> <span class='ocrx_word' id='word_1_236' title='bbox 927 3524 957 3585; x_wconf 91' lang='lat' dir='ltr'><strong>si</strong></span> <span class='ocrx_word' id='word_1_237' title='bbox 980 3527 1077 3605; x_wconf 86' lang='lat' dir='ltr'><strong>typos</strong></span> <span class='ocrx_word' id='word_1_238' title='bbox 1099 3520 1176 3586; x_wconf 63' lang='lat' dir='ltr'><strong>niti:</strong></span> 
     </span>
     <span class='ocr_line' id='line_1_33' title="bbox 66 3625 1175 3704; baseline -0.002 -14"><span class='ocrx_word' id='word_1_239' title='bbox 66 3627 130 3690; x_wconf 90' lang='lat' dir='ltr'><strong>dos</strong></span> <span class='ocrx_word' id='word_1_240' title='bbox 145 3630 319 3704; x_wconf 82' lang='lat' dir='ltr'><strong>attextum</strong></span> <span class='ocrx_word' id='word_1_241' title='bbox 334 3635 517 3692; x_wconf 84' lang='lat' dir='ltr'><strong>correctum</strong></span> <span class='ocrx_word' id='word_1_242' title='bbox 532 3627 699 3702; x_wconf 84' lang='lat' dir='ltr'><strong>exhibeat,</strong></span> <span class='ocrx_word' id='word_1_243' title='bbox 716 3627 743 3688; x_wconf 89' lang='lat' dir='ltr'><strong>si</strong></span> <span class='ocrx_word' id='word_1_244' title='bbox 762 3632 859 3701; x_wconf 88' lang='lat' dir='ltr'><strong>recte,</strong></span> <span class='ocrx_word' id='word_1_245' title='bbox 877 3625 1061 3699; x_wconf 84' lang='lat' dir='ltr'><strong>industriae,</strong></span> <span class='ocrx_word' id='word_1_246' title='bbox 1080 3629 1115 3688; x_wconf 89' lang='grc'><strong>51</strong></span> <span class='ocrx_word' id='word_1_247' title='bbox 1135 3644 1175 3688; x_wconf 90' lang='grc'><strong>55</strong></span> 
     </span>
     <span class='ocr_line' id='line_1_34' title="bbox 66 3714 1177 3812; baseline -0.004 -20"><span class='ocrx_word' id='word_1_248' title='bbox 66 3730 173 3811; x_wconf 86' lang='lat' dir='ltr'><strong>magis</strong></span> <span class='ocrx_word' id='word_1_249' title='bbox 196 3735 285 3793; x_wconf 91' lang='lat' dir='ltr'><strong>certo</strong></span> <span class='ocrx_word' id='word_1_250' title='bbox 310 3750 378 3812; x_wconf 88' lang='lat' dir='ltr'><strong>quo</strong></span> <span class='ocrx_word' id='word_1_251' title='bbox 408 3730 514 3812; x_wconf 83' lang='lat' dir='ltr'><strong>magis</strong></span> <span class='ocrx_word' id='word_1_252' title='bbox 547 3729 635 3792; x_wconf 87' lang='lat' dir='ltr'><strong>lento</strong></span> <span class='ocrx_word' id='word_1_253' title='bbox 662 3727 850 3810; x_wconf 80' lang='lat' dir='ltr'><strong>juventutis</strong></span> <span class='ocrx_word' id='word_1_254' title='bbox 886 3725 1076 3808; x_wconf 88' lang='lat' dir='ltr'><strong>progressui</strong></span> <span class='ocrx_word' id='word_1_255' title='bbox 1099 3714 1177 3791; x_wconf 82' lang='lat' dir='ltr'><strong>con-</strong></span> 
     </span>
     <span class='ocr_line' id='line_1_35' title="bbox 67 3826 1174 3914; baseline -0.004 -21"><span class='ocrx_word' id='word_1_256' title='bbox 67 3831 191 3908; x_wconf 83' lang='lat' dir='ltr'><strong>sulens,</strong></span> <span class='ocrx_word' id='word_1_257' title='bbox 227 3832 537 3914; x_wconf 81' lang='lat' dir='ltr'><strong>interpretationem</strong></span> <span class='ocrx_word' id='word_1_258' title='bbox 570 3830 748 3913; x_wconf 82' lang='lat' dir='ltr'><strong>rejecerit3</strong></span> <span class='ocrx_word' id='word_1_259' title='bbox 789 3826 993 3908; x_wconf 82' lang='lat' dir='ltr'><strong>Argumenta</strong></span> <span class='ocrx_word' id='word_1_260' title='bbox 1033 3827 1174 3908; x_wconf 88' lang='lat' dir='ltr'><strong>singulis</strong></span> 
     </span>
     <span class='ocr_line' id='line_1_36' title="bbox 67 3921 1254 4022; baseline -0.002 -28"><span class='ocrx_word' id='word_1_261' title='bbox 67 3930 161 4014; x_wconf 85' lang='lat' dir='ltr'><strong>libris</strong></span> <span class='ocrx_word' id='word_1_262' title='bbox 186 3932 341 4015; x_wconf 81' lang='lat' dir='ltr'><strong>praefixa,</strong></span> <span class='ocrx_word' id='word_1_263' title='bbox 366 3938 464 4014; x_wconf 85' lang='lat' dir='ltr'><strong>utque</strong></span> <span class='ocrx_word' id='word_1_264' title='bbox 488 3951 601 3996; x_wconf 84' lang='lat' dir='ltr'><strong>omncs</strong></span> <span class='ocrx_word' id='word_1_265' title='bbox 631 3935 727 3994; x_wconf 87' lang='lat' dir='ltr'><strong>notas</strong></span> <span class='ocrx_word' id='word_1_266' title='bbox 748 3947 815 3992; x_wconf 94' lang='lat' dir='ltr'><strong>non</strong></span> <span class='ocrx_word' id='word_1_267' title='bbox 837 3928 949 3992; x_wconf 84' lang='lat' dir='ltr'><strong>minus</strong></span> <span class='ocrx_word' id='word_1_268' title='bbox 977 3932 1077 4022; x_wconf 82' lang='lat' dir='ltr'><strong>recto¹</strong></span> <span class='ocrx_word' id='word_1_269' title='bbox 1098 3927 1175 3992; x_wconf 88' lang='lat' dir='ltr'><strong>reti·</strong></span> <span class='ocrx_word' id='word_1_270' title='bbox 1248 3921 1254 3928; x_wconf 48' lang='lat'><strong>¹</strong></span> 
     </span>
     <span class='ocr_line' id='line_1_37' title="bbox 68 4031 188 4100; baseline 0.033 -5"><span class='ocrx_word' id='word_1_271' title='bbox 68 4031 188 4100; x_wconf 83' lang='lat' dir='ltr'><strong>urserit.</strong></span> 
     </span>
    </p>
   </div>
   <div class='ocr_carea' id='block_1_6' title="bbox 0 0 1345 4686">
    <p class='ocr_par' dir='ltr' id='par_1_10' title="bbox 0 0 1345 4686">
     <span class='ocr_line' id='line_1_38' title="bbox 0 0 1345 4686; baseline 0 0"><span class='ocrx_word' id='word_1_272' title='bbox 0 0 1345 4686; x_wconf 95' lang='lat' dir='ltr'><strong> </strong></span> 
     </span>
    </p>
   </div>
  </div>
 </body>
</html>
