2692 4974
320 272 565 325 anarrinon
596 270 671 323 nra.
693 260 751 323 m.
996 254 1084 347 md

99 424 213 500 obent,
229 421 272 485 ab
284 378 429 483 Horcnla
438 415 617 499 aliqnando
627 422 763 500 captum
772 417 827 483 vol
836 417 1001 481 insessum
1015 416 1083 482 Ta-

99 544 125 606 ¹3
146 523 230 607 quin
251 520 386 605 poiitam
399 520 513 594 verba,
545 519 597 581 ‘si
617 517 709 583 fama
721 515 885 595 eatrara,'
906 518 971 582 hoo
984 537 1084 604 prop-

99 644 160 688 nm
182 620 359 707 adjecisse,
373 625 410 682 ut
433 615 622 682 Aristotelis
644 618 711 682 fida
732 637 799 684 non
812 619 913 701 plano
937 639 974 683 aa
996 625 1084 688 atara

99 730 187 804 aret3
209 721 245 786 id
261 719 351 806 qnod
363 719 460 803 plano
475 719 623 782 inaolona
639 719 780 783 vidaon.
809 719 945 807 -Naque
959 721 992 784 in
1006 722 1084 790 Ari·

99 845 122 892 o
132 826 209 890 loco
223 828 271 904 (v.
283 820 326 886 Τ.
343 837 371 884 ιι
387 819 442 884 od.
457 819 503 883 du
510 818 591 884 Vai.
608 840 641 902 p·
656 820 737 896 729)
750 820 855 883 nilum
868 824 992 903 comm,
1006 844 1084 908 quae

99 924 206 1003 nonni,
220 922 468 1004 mtraefiginm.
511 919 605 984 Male
630 920 1086 1007 etiamlocuminterpratan-

110 1046 180 1112 qno
193 1025 292 1089 docte
306 1021 540 1105 egitMazoclr.
565 1020 607 1085 ad
623 1020 733 1086 Tabb.
749 1020 886 1086 Heracl-
900 1024 990 1107 paz
1010 1044 1084 1112 sqq.

99 1144 197 1193 aaran
215 1141 256 1202 X,
275 1124 330 1199 10,
346 1122 415 1205 qui,
429 1141 505 1204 quae
520 1121 580 1185 alii
593 1121 635 1185 da
651 1120 803 1207 Myaoolo
816 1122 1027 1206 tradiderant,
1041 1130 1086 1193 ad

99 1223 394 1301 ithumtranrfart,
423 1228 572 1305 apparat,
599 1223 801 1287 narrationes
825 1222 867 1287 da
893 1222 1028 1293 Tarenti
1052 1232 1088 1297 et

99 1328 139 1393 ὼ
158 1325 340 1411 originibus
358 1323 462 1389 fuisse
480 1325 563 1389 intar
584 1343 622 1387 aa
640 1328 844 1407 permutatas
865 1342 888 1389 a
907 1322 1087 1397 nonnullis.

99 1426 256 1511 Virgilium
278 1426 314 1489 in
337 1424 438 1489 talam
460 1426 656 1507 scriptorem
677 1423 855 1506 incidissa3
877 1427 925 1491 ita
947 1426 1088 1497 Herculi

116 1527 211 1611 origo
237 1525 392 1592 Crotonis
420 1523 572 1589 traducta
594 1524 638 1588 ad
661 1523 851 1590 Tarentum.
900 1525 989 1592 Sana
1016 1534 1090 1595 tota

99 1628 181 1695 alirn
195 1646 264 1705 ora,
277 1632 316 1690 nt
329 1625 458 1709 passim
475 1623 553 1687 aliae
568 1622 679 1689 ltalia
694 1630 817 1707 partes,
832 1625 988 1693 fabulosa
1002 1627 1089 1695 Hor·

99 1732 303 1795 monumenta
327 1723 537 1791 ostendebat:
561 1722 642 1800 vid„
657 1730 779 1807 praetar
800 1723 894 1791 Serv.
907 1727 951 1793 ad
965 1748 998 1794 v.
1012 1731 1090 1809 562,

99 1850 169 1897 rrnn
192 1846 244 1907 ιν,
257 1828 311 1893 20.
326 1827 370 1891 21
393 1844 469 1909 sqq·
492 1824 802 1910 Strab.v1‚p.aal
826 1843 860 1891 c.
884 1826 986 1895 Orid.
1003 1830 1091 1901 Met.

103 1950 179 2015 aqq.
194 1929 238 1994 cs.
252 1929 393 2012 Dionys.
406 1925 520 1991 Halia.
536 1944 562 2005 1,
576 1927 716 1993 39-44.
755 1926 883 1995 Etarat
894 1930 1099 2000 inextrarna·

114 2030 273 2097 Herculia
301 2028 435 2104 Portos,
465 2030 723 2110 promontorium
762 2027 989 2113 Horoffinm
1019 2040 1092 2099 erat

99 2130 268 2199 Heraclea
279 2131 370 2208 urbs,
386 2129 427 2193 da
442 2148 511 2212 qna
534 2128 731 2193 Manochiua
746 2131 884 2212 copiosa
896 2131 974 2213 ogit,
988 2151 1091 2215 qnan-

99 2252 143 2299 aa
156 2233 201 2297 ab
210 2231 305 2296 initio
317 2229 488 2315 Ἡρακλεῖον
502 2227 593 2292 diota
601 2227 727 2304 (Schol.
736 2226 904 2311 Iryoophr.
914 2228 959 2293 ad
968 2248 1003 2294 v.
1011 2230 1092 2313 978)

99 2354 111 2399 r
128 2334 243 2419 potins
257 2330 425 2408 Herculis,
441 2327 531 2412 qnod
545 2328 594 2390 ibi
607 2326 681 2404 fuit,
691 2344 810 2390 nomon
832 2325 985 2394 debuisse
998 2332 1092 2398 ride·

99 2434 194 2519 [gitur
219 2436 329 2496 manet
353 2430 429 2505 hoo,
459 2428 629 2510 antiquam
658 2424 805 2509 aliquam
831 2425 988 2507 fabulam,
1013 2450 1090 2513 quaa

99 2539 168 2601 rota
180 2550 249 2597 non
269 2536 331 2608 est,
345 2529 386 2593 de
409 2527 543 2593 Tarenti
566 2524 749 2608 originibus
774 2524 915 2592 Herculi
936 2531 1094 2614 ascriptis

105 2635 142 2703 h·
156 2634 181 2699 L
197 2635 232 2699 in
246 2632 357 2699 animo
366 2628 480 2695 fniaao.

356 2964 674 2983 ψ

292 3160 642 3276 nx'cnnsns
682 3198 776 3275 xv.

446 3428 498 3480 DE
514 3430 632 3483 AETNA.

102 3580 281 3657 571-577
298 3588 377 3652 ‘sod
391 3588 552 3656 horrificis
562 3591 665 3675 juxta
678 3596 769 3657 tonat
780 3590 882 3656 AEtna
895 3588 1009 3656 rninis’
1030 3599 1096 3660 otc.

99 3711 132 3757 ro
147 3690 192 3755 de
217 3689 319 3753 AEina
335 3689 445 3754 locum
468 3698 698 3775 comparatum
720 3711 796 3755 oum
817 3690 895 3758 loco
917 3691 1097 3759 Pindarico

99 3808 144 3870 .1,
171 3790 206 3853 in
229 3809 278 3871 pr.
301 3787 434 3873 Epodo)
451 3784 525 3873 jam
548 3790 637 3875 apud
664 3789 751 3854 Geli.
779 3807 875 3869 xvn,
901 3792 943 3857 lo
964 3810 1099 3873 gravem

99 3912 165 3959 mm
178 3892 328 3955 exercuit
351 3888 535 3956 Favorinus
559 3890 788 3975 philosophus,
804 3893 862 3956 sed
886 3898 922 3956 nt
950 3890 1098 3975 philoso-

106 3994 220 4076 magia
235 4012 336 4076 qnam
357 3992 508 4057 criticum
530 3992 666 4077 podiica
680 3993 843 4076 elegantia
865 3993 1025 4057 imbutum
1040 4008 1099 4072 ag·

99 4114 122 4163 a.
168 4093 260 4159 Nam
277 4112 383 4177 nequo
397 4091 577 4158 Pindarum
598 4092 794 4176 exprimere,
814 4090 1036 4157 multominus
1054 4088 1098 4153 ad
