2664 4686
406 316 458 366 nn
481 316 652 369 muninus
675 320 749 369 nu.
775 321 840 370 vu.
1085 310 1180 377 4299·

92 476 134 525 ns
163 457 255 523 latii
269 457 412 523 nondum
434 460 495 525 illo
517 469 662 548 tempore
686 468 756 528 erat
776 483 921 549 regnum,
936 484 997 531 nec
1025 486 1171 551 unquam

92 560 139 639 tt,
154 559 225 627 nisi
235 558 474 627 Romanorum.

492 722 745 744 Ἢ

375 851 750 927 EXCURSUS
790 855 862 930 Vl.

92 1004 303 1058 SORACULO
315 1008 429 1060 FAUNI
441 1011 482 1060 IN
494 1010 589 1061 Luco
601 1010 782 1061 AbbUNEAE
794 1013 834 1063 IN
847 1012 948 1065 AGRO
959 1004 1172 1066 linusano.

98 1136 178 1199 vn,
204 1121 247 1186 81
271 1143 346 1206 sqq.
373 1122 440 1189 ‘At
462 1145 518 1188 rex
533 1127 684 1189 solicitus
707 1128 870 1204 monstris,
897 1129 1029 1192 oracula
1053 1127 1172 1205 Fauni,

92 1216 212 1285 numu
227 1225 393 1303 genitoris,
408 1224 488 1301 adit,
504 1227 661 1308 lucosque
675 1226 737 1289 sub
752 1227 818 1290 alta
833 1225 983 1291 Consulit
997 1226 1172 1291 Albunea?

92 1323 270 1386 mtentiam
284 1325 457 1417 verborum
472 1332 503 1388 et
517 1327 583 1389 vim
598 1327 633 1388 in
648 1328 734 1390 notis
749 1327 1001 1392 declaravimus.
1034 1326 1076 1393 In
1091 1346 1170 1409 agro

92 1419 243 1488 lbnrtino
267 1426 310 1487 ab
334 1426 504 1490 occidente
528 1427 623 1490 lucus
646 1433 727 1504 erat,
755 1429 789 1491 in
813 1450 879 1513 quo
902 1450 1000 1514 aquae
1024 1427 1171 1506 Albulae,

92 1521 243 1589 edicatae
259 1531 293 1590 et
305 1527 478 1606 srllsureae3
501 1546 544 1590 ex
560 1547 670 1591 earum
683 1527 829 1591 sontibus
843 1550 927 1593 unns
941 1535 993 1593 est
1012 1526 1171 1605 Albunea,

92 1640 137 1687 m
150 1630 187 1688 et
202 1624 370 1709 Nympha,
386 1628 468 1691 forte
487 1632 519 1689 et
534 1627 680 1710 Sibylla:
703 1628 746 1691 cf.
772 1628 815 1691 ad
838 1628 961 1692 Tibull.
989 1644 1030 1705 11,
1056 1629 1089 1702 5,
1114 1626 1170 1691 69.

92 1741 102 1787 ι
127 1724 196 1789 boo
216 1726 305 1803 luco,
329 1725 492 1791 Albuneae
513 1727 614 1805 dicto,
638 1728 806 1791 oraculum
819 1728 880 1793 fuit
896 1724 1023 1793 Fauni:
1046 1727 1171 1811 dequo

92 1832 223 1890 euram
247 1829 315 1908 agit
341 1827 454 1911 poeta.
493 1827 619 1891 Nostra
643 1827 750 1891 adhuc
777 1833 876 1892 aetate
899 1828 1067 1891 imminent
1086 1823 1171 1890 Ani·

92 1926 134 1991 tls
163 1930 359 1991 catarractis
393 1930 497 1992 rninae
533 1929 657 2011 templi,
695 1929 783 2011 quod
814 1929 951 2013 Sibyllae
982 1928 1169 1992 Tiburtinae

92 2044 139 2091 se
164 2029 282 2092 volunt
309 2030 370 2094 viri
400 2029 502 2107 docti,
529 2030 619 2093 nullo
644 2030 802 2112 graviore,
827 2050 926 2113 quam
949 2030 1040 2114 qno'd
1063 2035 1170 2094 vetere

92 2146 155 2193 ma
184 2130 231 2194 ita
260 2131 416 2195 traditum
443 2136 504 2208 est,
533 2138 735 2211 argrrmento.
789 2131 867 2195 Hoc
897 2131 984 2195 idem
1009 2129 1170 2212 templum

92 2229 212 2294 mulli
238 2250 259 2295 a
283 2231 384 2314 poeta
408 2233 552 2315 spectari
575 2237 608 2293 et
629 2232 778 2294 versibus
797 2231 850 2295 bis
873 2231 1015 2295 describi
1037 2233 1170 2293 conten·

92 2336 152 2397 mt.
199 2330 347 2414 copiose
369 2332 455 2396 bano
479 2334 667 2413 opinionem
691 2333 832 2394 astruxit
859 2331 1005 2413 Vulpius
1031 2332 1065 2393 in
1089 2329 1168 2394 Vet.

92 2434 175 2512 alio,
201 2433 244 2498 T.
269 2450 309 2510 x,
335 2453 366 2497 c.
391 2436 423 2496 5.
469 2431 547 2507 Sed,
571 2437 608 2495 ut
630 2431 738 2494 solent
760 2449 804 2493 ex
826 2429 922 2494 Italis
945 2430 1050 2506 multi,
1069 2429 1171 2494 modo

92 2535 181 2601 rffiae
196 2554 279 2611 suae,
295 2533 394 2597 modo
408 2533 556 2596 locorum
567 2531 617 2594 vel
629 2532 831 2613 antiquitatis
843 2548 965 2608 amore,
977 2531 1170 2614 plerumque

92 2636 167 2700 lam·
190 2653 295 2696 rerum
325 2652 365 2697 ac
394 2633 554 2696 sermonis
582 2631 798 2712 ignoratione,
834 2633 1011 2695 multarum
1037 2631 1170 2695 urbium

92 2732 159 2798 des
174 2737 207 2795 et
224 2733 333 2796 ruinas
355 2752 457 2815 prave
478 2732 695 2814 interpretari,
718 2733 766 2795 ito
789 2734 841 2796 vir
866 2731 983 2797 doctus
1005 2734 1040 2797 in
1066 2729 1170 2816 poeta

92 2852 158 2899 mm
172 2833 339 2916 loquendi,
357 2833 515 2897 orationis
529 2833 597 2896 vim
612 2833 828 2909 strationem,
854 2834 1059 2915 sententiam,
1078 2838 1186 2896 com-'

92 2932 193 3003 utrem
207 2952 352 3010 sensum,
378 2935 488 3023 ¹omnia
503 2939 646 2997 evertere
661 2934 788 3009 maluit,
815 2953 915 3015 quam
935 2934 1066 2996 veritati
1088 2949 1169 2997 con·

92 3036 192 3104 alere.
232 3033 286 3109 ‚Ut
300 3035 436 3117 Sibyllae
452 3034 610 3117 templum
630 3032 673 3095 ad
694 3034 755 3095 hos
777 3032 940 3097 Albuneae
963 3034 1057 3096 lucos
1075 3038 1171 3095 r'evo·

92 3156 137 3204 ire
150 3114 271 3221 puniit,
286 3136 484 3219 interpungit
496 3153 529 3197 v.
544 3132 587 3197 82
601 3137 700 3215 post:
724 3132 885 3195 ‘oracula
896 3131 1015 3208 Fauni,
1026 3129 1171 3194 Fatidici

92 3239 232 3314 mitoris,
250 3237 330 3301 adit.
375 3234 574 3319 Lucosque,'
592 3240 629 3298 ut
643 3234 769 3297 scilicet
785 3232 892 3295 Fauni
907 3231 1065 3313 templum
1080 3249 1133 3293 res
1148 3244 1170 3294 a
1192 3312 1197 3323 Ι

92 3339 201 3425 byllae
216 3338 352 3403 oraculo
366 3339 497 3401 diversa
511 3338 565 3401 sit.
610 3336 717 3399 Fauni
737 3340 846 3399 autem
861 3333 1017 3417 templum
1031 3332 1068 3395 in
1082 3331 1170 3395 Iau-

92 3444 188 3504 ntum
202 3438 323 3501 finibus
338 3438 492 3515 collocat,
506 3438 564 3500 ubi
579 3436 654 3500 Inui
670 3435 822 3500 Castrum
836 3435 899 3498 fuit
913 3433 1004 3519 (sup.
1015 3451 1066 3512 vr,
1077 3430 1171 3517 776).

92 3540 239 3627 pinionis
254 3546 364 3604 tamen
378 3539 607 3602 auctoritatem
621 3538 744 3600 nullam
760 3537 853 3600 affert
877 3536 932 3598 bic
955 3539 988 3598 et
1010 3534 1077 3598 alio
1093 3535 1170 3599 loco

92 3638 319 3727 ‚v-.Lih.1x,
345 3639 389 3703 cf.
404 3659 434 3703 c.
448 3640 481 3716 7,
507 3658 606 3720 quam
629 3639 804 3701 oleastrum
831 3635 949 3698 Fauno
971 3655 1103 3700 sacrum
1126 3653 1170 3700 ex

92 3744 140 3809 lin
167 3758 239 3820 xu,
264 3743 341 3808 766.
386 3743 452 3807 Sed
478 3744 553 3806 haec
578 3742 763 3824 etreliqua
788 3741 897 3803 omnia
923 3740 1170 3804 contortissima

92 3850 148 3922 mt,
171 3845 264 3908 utin
286 3843 340 3907 bis
363 3843 486 3909 haerere
511 3861 643 3907 necesso
664 3859 729 3904 non
752 3840 809 3904 sit.
854 3840 993 3924 Sibyllae
1008 3837 1169 3903 Albuneae

92 3946 196 4009 nnrine
211 3944 342 4026 signum
356 3963 573 4008 marmoreum
587 3945 624 4006 in
637 3942 719 4007 villa
739 3939 893 4006 Atestina
905 3942 1053 4017 babetur,
1078 3937 1169 4022 quod

92 4045 165 4108 iarn
176 4046 212 4110 in
225 4045 354 4130 Vulpio
369 4063 436 4110 aere
449 4063 645 4128 expressum
659 4046 731 4123 est;
754 4041 797 4105 de
812 4060 880 4125 qno
893 4026 1016 4117 tamen,
1033 4039 1096 4103 nisi
1111 4056 1169 4102 ac·

92 4145 211 4212 matins
225 4147 434 4230 exploratum
449 4144 558 4225 fuerit,
573 4145 655 4210 nibil
667 4163 744 4208 cum
757 4142 821 4207 fido
834 4140 1032 4226 pronunties.
