2664 4686
469 365 520 413 nn
536 306 708 417 nuurffos
728 366 801 419 ura.
822 367 879 417 ιιι.
1131 356 1224 423 elce

114 508 287 588 traditum,
301 514 359 576 ant
372 507 493 592 fingere
514 512 613 575 tacite
634 508 754 595 potuit,
773 511 879 577 fuisse
899 509 1000 577 uuum
1020 509 1068 579 ex¹
1085 510 1223 599 Argivis

116 613 338 696 principibus,
363 613 421 696 qui
441 612 485 675 ab
509 608 642 678 Abanta
664 613 708 678 ad
733 635 770 678 se
792 613 968 678 hereditate
990 616 1223 682 transmissum

116 714 277 798 clypeum
300 720 462 796 gestaret:
485 733 584 797 quem
611 734 633 778 a
655 734 692 778 se
719 736 843 781 caesum
867 716 992 780 AEueas
1016 717 1221 800 spoliaverit.

116 811 265 902 Abantis
288 821 399 880 autem
421 816 560 899 clypeus
583 816 682 880 aliam
702 818 846 882 hahebat
866 817 991 882 samam
1005 838 1050 882 cx
1064 838 1117 896 eo,
1133 816 1223 906 quod

116 916 174 981 ifle
193 934 219 983 ι
240 916 375 1002 Lynceo
396 914 520 982 Abanti
539 918 680 982 donatus
699 920 909 984 occasionem
928 920 1064 984 dederat
1080 920 1169 985 ludis
1188 923 1222 986 in

116 1020 202 1083 urbe
227 1017 392 1102 Argomm
420 1021 628 1084 instituendis
655 1019 707 1104 (iu
729 1018 873 1087 lunonis
897 1022 1032 1106 quidem
1053 1023 1220 1101 honorem,

114 1123 156 1183 τὰ
167 1121 290 1206 Ἡραῖα,
303 1123 338 1185 ἰιι
352 1121 472 1204 quibus
486 1122 592 1185 victor
605 1140 646 1185 eo
661 1121 780 1186 honore
789 1123 1003 1203 afficiebatur,
1017 1130 1053 1188 ut
1067 1126 1221 1210 clypeum

117 1221 154 1285 iu
166 1220 310 1286 lunonis
323 1223 447 1305 templo
461 1221 599 1285 affixum
612 1221 740 1288 tolleret
753 1230 786 1288 et
799 1225 834 1289 in
847 1243 973 1308 pompa
986 1224 1129 1302 duceret,
1141 1244 1222 1291 mox

118 1323 230 1406 prisco
244 1323 321 1388 loco
331 1322 568 1413 reponendum.
612 1319 710 1385 Unde
722 1330 802 1390 nota
823 1343 880 1409 ap.
903 1324 1028 1390 Zenon
1043 1331 1076 1389 et
1090 1326 1134 1391 al.
1156 1331 1172 1401 ἡ
1194 1328 1223 1388 ἐν

109 1429 214 1508 'Am
242 1421 340 1498 o'rnr'f.
383 1422 429 1490 V.
458 1426 543 1507 inpr.
572 1414 763 1506 Spanhssud
792 1424 924 1492 Gallim.
953 1427 988 1490 in
1016 1426 1057 1491 P.
1082 1424 1122 1489 L·
1149 1423 1220 1508 35).

114 1522 287 1590 rabum
300 1508 411 1592 unat
424 1525 551 1611 Hygin.
564 1523 589 1589 f.
604 1524 680 1602 170,
693 1527 751 1590 ubi
767 1546 800 1591 v.
817 1527 1005 1606 Muncker„
1019 1527 1105 1592 unde
1119 1526 1221 1591 etiam

114 1626 279 1693 &dana
301 1628 410 1695 lucem
427 1628 638 1694 foenerantur.
682 1625 811 1692 Alludit
835 1628 935 1692 Ovid.
958 1627 1042 1692 Met.
1060 1643 1126 1706 XV,
1145 1626 1220 1692 164.

113 1728 176 1792 uhi
191 1726 398 1813 Pythagoras
412 1732 546 1812 agnovit
567 1732 721 1817 clypeum
745 1729 916 1815 Euphorbi
943 1727 1126 1794 ‘Abanteis
1139 1733 1221 1793 tem·

112 1829 175 1914 plo
189 1828 335 1896 Junonis
348 1833 383 1895 in
397 1829 518 1914 Argis!
562 1832 602 1896 In
623 1833 733 1918 clypei
748 1837 859 1896 autem
872 1831 1078 1897 dedicatione
1093 1829 1220 1894 Holds-

111 1931 261 1999 wortlrus
280 1930 452 1996 dedicatas
475 1932 518 1995 ab
542 1930 698 2014 Augusto
722 1938 799 2017 post
821 1950 965 2016 pugnum
987 1922 1164 1998 Acthcam
1191 1947 1217 1994 x

110 2050 219 2097 naves
237 2051 260 2096 a
281 2031 383 2116 poeta
400 2032 524 2115 respici
538 2033 688 2116 putabat.
731 2031 904 2096 Veriorem
916 2032 1076 2097 rationem
1089 2028 1221 2094 dedisse

109 2134 196 2199 mihi
208 2134 328 2202 videor
340 2153 441 2217 supra
456 2133 596 2200 Excute.
611 2133 631 2198 Ι
646 2134 689 2200 ad
703 2135 735 2199 h.
749 2133 810 2200 lib.
824 2154 860 2218 p.
872 2133 972 2198 4140.

520 2434 803 2448 m

438 2664 697 2744 EXCURS
711 2667 786 2743 US
826 2665 884 2740 X.

220 2887 361 2944 uenero
378 2888 425 2940 rr
441 2885 710 2939 lnnroulcrue
727 2886 912 2938 occursus
930 2885 971 2938 ιι(
988 2886 1110 2938 seruo.

156 3091 218 3153 ιιι,
232 3073 300 3139 294
314 3091 387 3156 sqq.
402 3065 492 3136 ‘Hic
512 3068 715 3134 incredibilis
728 3089 837 3133 rorum
851 3069 942 3134 sama
955 3076 1100 3153 occupat
1114 3069 1219 3135 aurcs'

114 3184 177 3244 etc.
222 3174 469 3241 Commentatur
481 3173 515 3236 in
529 3171 562 3234 h.
576 3171 599 3234 l.
614 3175 728 3235 auctor
742 3169 784 3234 dc
798 3168 943 3252 Augusti
954 3171 1112 3253 progenie
1122 3191 1152 3235 c.
1166 3173 1218 3237 12.

117 3275 236 3344 Poetae
250 3282 353 3342 arten
363 3293 410 3338 ex
422 3274 486 3338 hoc
501 3273 641 3337 aestima.
688 3269 837 3354 Antiqua
852 3275 922 3334 erat
934 3269 1048 3334 fabula
1061 3267 1099 3332 de
1115 3268 1220 3336 AEcec

117 3376 157 3441 ud
180 3373 279 3462 Epiri
298 3373 406 3439 littora
427 3371 568 3458 appulsu.
612 3371 658 3436 V·
680 3371 823 3436 ExcurS·
839 3372 881 3436 de
895 3370 1012 3437 AEneaa
1028 3370 1149 3450 Error,
1163 3375 1220 3457 qui

119 3479 247 3561 primus
261 3482 312 3543 est
326 3476 369 3541 ad
382 3477 416 3539 h.
428 3475 487 3542 lib.
511 3475 593 3539 Erat
607 3493 704 3558 porro
718 3475 861 3539 narratio
875 3475 909 3538 iu
922 3470 1055 3551 Νόστοις,
1070 3480 1103 3538 et
1116 3465 1220 3541 multo

120 3582 222 3663 nugis
238 3580 272 3643 iu
290 3577 479 3662 tragoediis,
495 3577 595 3641 etiam
610 3577 644 3640 in
658 3566 775 3660 lyrico,
788 3575 886 3640 Pind.
902 3574 1001 3639 Nem.
1018 3592 1068 3654 ιν,
1083 3576 1138 3642 82.
1151 3594 1217 3653 vn,

122 3678 171 3757 10,
182 3681 243 3745 uhi
256 3700 291 3746 v.
308 3679 431 3758 Schol,
440 3679 607 3744 celebrata
613 3676 746 3763 (relicto
760 3677 919 3756 Homero,
931 3678 1109 3744 secundum
1121 3698 1219 3762 quem

123 3776 263 3864 Pyrrhus
286 3783 369 3847 inter
389 3800 450 3846 eos
473 3785 555 3857 erat,
579 3780 636 3863 qui
648 3780 828 3844 incolumes
842 3779 878 3842 in
891 3781 1034 3862 patriam
1046 3780 1220 3854 redieruut,

127 3878 239 3967 odyss.
264 3890 301 3960 Γ,
325 3883 401 3948 188.
423 3878 506 3966 189)
527 3882 569 3947 de
582 3881 712 3966 Pyrrhi,
727 3877 868 3944 Achillis
882 3879 917 3957 f,
943 3899 1043 3962 regno
1061 3881 1094 3942 in
1115 3878 1219 3961 Epiro

129 3983 310 4061 constituto,
330 4003 430 4067 quam
442 3984 509 4068 ipsi
522 3982 670 4047 historici
684 3982 937 4064 frequentarunt,
953 4000 985 4046 v.
1000 3980 1104 4044 Pane.
1124 3994 1150 4055 ι,
1165 3980 1218 4044 11.

134 4096 168 4157 1¹,
192 4083 243 4150 28.
267 4082 390 4150 Justin.
419 4101 515 4164 xvir,
541 4084 574 4149 8.
598 4083 642 4149 cf.
664 4083 705 4147 dc
731 4081 876 4167 Nicolay
901 4081 981 4146 diss.
999 4082 1033 4144 in
1057 4079 1158 4144 Mem.
1176 4081 1218 4145 do

136 4178 248 4252 l'Acad.
272 4186 332 4252 dee
356 4186 459 4254 Inscr.
484 4185 582 4253 Τοιιι.
611 4202 723 4265 xvru,
749 4205 783 4269 p.
798 4183 864 4249 ⁵29
883 4202 970 4267 sqq,
991 4182 1054 4247 etsi
1076 4180 1217 4248 Molossi
