2692 4974
409 337 461 384 ιιι)
482 335 656 387 uunrnos
680 335 755 385 nra.
779 337 836 385 ιιι.
1089 325 1177 390 4157

65 481 159 563 aqua
167 477 320 549 comm
334 478 369 545 io
380 478 475 543 Dias.
489 478 565 545 dcll’
583 477 711 543 Accad.
728 480 762 543 di
783 479 932 545 Cortona
940 480 982 544 Τ.
995 497 1046 558 ιν,
1062 482 1108 547 Ν.
1123 485 1179 568 1);

66 581 215 647 nominis
238 579 422 645 similitudo
463 581 561 647 facile
586 583 628 646 ad
653 580 841 664 Corythum,
873 582 1022 646 Dardani
1051 590 1179 666 patrem

68 682 190 751 ducere
204 683 327 764 potuit,
345 684 441 764 quasi
455 683 486 746 is
500 683 613 747 urbem
629 681 832 747 condidisset
845 684 942 764 eique
969 685 1179 766 imperasset.

69 782 159 847 Hinc
172 785 258 846 inter
279 800 372 863 regas
390 788 423 845 ct
444 782 630 846 conditores
655 781 895 864 Tyrrhenorum
920 786 1047 848 censeri
1075 786 1180 869 coepit

70 881 237 966 Corythus
252 903 261 962 3
282 880 367 945 unde
390 882 491 965 poiita
516 880 647 966 Corythi
662 881 751 945 urbes
776 903 836 966 pro
850 884 1033 967 Tyrrhenia
1047 886 1105 950 lib.
1122 902 1178 963 ix,

69 984 122 1048 lt).
140 1000 182 1060 ιι,
197 983 276 1060 719,
291 989 325 1046 et
338 1002 392 1060 ao,
417 1002 514 1066 quern
532 1003 634 1067 supra
647 985 830 1067 posuimus,
853 986 946 1050 loco:
979 984 1178 1069 ‘Corythum

70 1088 241 1166 terrasque
255 1085 399 1166 requirat
414 1081 605 1148 Ausonias?

112 1183 155 1248 In
177 1185 413 1249 recentioribus
436 1188 563 1268 passim
581 1187 732 1269 interpp,
747 1208 778 1251 v.
799 1207 829 1251 c.
844 1187 888 1250 ad
903 1204 960 1265 ιιι,
985 1189 1060 1264 167,
1075 1191 1180 1254 multa

69 1302 244 1368 perperam
272 1278 454 1377 hadunmr,
478 1307 554 1369 quae
579 1307 623 1351 cx
641 1286 782 1351 Anionis
809 1288 932 1353 fabulis
946 1291 1049 1371 petita
1065 1289 1179 1373 dopre-

70 1384 177 1449 hendi.
222 1381 279 1449 Aa
293 1383 523 1451 Graeculorum
544 1397 730 1453 commenta
743 1391 891 1472 pertinet,
907 1391 994 1472 qnod
1018 1389 1060 1452 de
1083 1392 1178 1471 galea

72 1482 223 1550 Dardani
244 1482 357 1573 (κόρυς)
378 1494 599 1569 perstrepunt,
621 1494 654 1553 et
668 1489 755 1570 quod
783 1489 963 1573 Corythum
987 1486 1177 1573 Tyrrhenica

70 1587 113 1655 ed
128 1585 266 1651 Paridis
279 1604 324 1650 cx
339 1585 471 1650 OEnone
485 1586 589 1650 filiurn
598 1590 749 1667 referunt,
762 1590 915 1672 quodque
927 1591 1120 1654 Dardanum
1133 1610 1178 1655 ex

69 1688 181 1767 Creta,
204 1685 290 1751 nndo
312 1685 440 1750 Teucer
462 1687 630 1771 prosoctus
650 1696 731 1765 erat,
754 1695 917 1773 repetunt,
939 1691 993 1755 vel
1014 1690 1057 1754 ad
1082 1690 1179 1756 Idem

70 1796 103 1855 ct
115 1791 213 1855 circa
227 1786 469 1853 Scamandrum
481 1794 595 1852 nomm
609 1787 783 1866 affirmant,
802 1796 836 1854 et
845 1789 941 1873 plura
953 1791 1031 1855 alia.
1064 1789 1178 1869 Quam

70 1891 202 1970 veliem,
225 1889 348 1954 multas
363 1889 496 1953 tabulas
509 1892 542 1953 in
556 1889 643 1953 hunc
658 1890 791 1954 modum
806 1889 917 1954 detexi
932 1892 1046 1956 liceret
1060 1894 1068 1955 i

112 1991 162 2059 Ut
176 1997 289 2055 autam
303 1991 347 2054 iia
365 1990 643 2068 adolescentibus,
658 1993 778 2075 quibus
801 1993 888 2069 libri,
910 1992 998 2056 unde
1019 1993 1093 2057 haec
1107 1993 1178 2077 peti

10 2134 12 2141 ·
89 2162 93 2169 ,
199 2099 226 2171 t,
241 2110 307 2155 non
330 2092 373 2155 ad
388 2112 506 2157 manue
531 2100 618 2170 sunt,
640 2093 682 2157 ad
707 2093 950 2174 intelligendum
969 2093 1043 2158 haec
1066 2094 1180 2157 omnia

10 2146 50 2283 b
68 2194 150 2265 niis
163 2194 233 2259 sint
246 2192 358 2270 obvia,
370 2194 558 2275 progeniem
574 2192 724 2259 Dardani
738 2193 834 2258 ethic
846 2192 1025 2257 secundum
1040 2192 1178 2258 Homer.

69 2294 168 2363 Dian.
191 2302 224 2373 T,
240 2294 307 2359 2¹4
322 2312 397 2376 sqq.
416 2293 560 2377 Dionys.
576 2293 688 2356 Halic.
707 2309 732 2368 1,
746 2293 791 2356 62
804 2299 837 2355 ct
851 2290 1046 2374 Apollodor.
1062 2308 1119 2370 111,
1135 2293 1179 2361 12

70 2404 219 2482 repetere
232 2414 302 2461 non
311 2395 448 2478 pigebit.
463 2392 519 2471 Cf,
532 2393 670 2458 Diodor.
692 2410 743 2470 ru,
757 2394 812 2458 75.
857 2393 898 2454 ln
912 2394 955 2455 iis
968 2399 1089 2470 tamon,
1102 2415 1177 2477 quaa
1279 2472 1285 2479 .

71 2500 113 2565 ab
125 2499 208 2565 aliis
231 2496 363 2561 divorse
386 2494 564 2572 traduntur,
579 2515 613 2558 v.
629 2513 660 2558 c.
675 2513 697 2557 a
713 2493 814 2574 Dicty
828 2492 885 2555 lib.
901 2509 927 2568 ι,
943 2511 973 2556 c.
988 2495 1021 2569 9,
1044 2494 1097 2556 hic
1112 2513 1179 2559 non

71 2600 286 2667 morabimur.

116 2698 293 2765 Dardanus
307 2720 352 2764 ox
378 2700 488 2775 Batia,
502 2697 621 2762 Teucri
641 2696 676 2774 s,
701 2693 787 2758 Ilum
802 2703 835 2760 et
853 2693 1091 2760 Erichthonium
1106 2719 1179 2765 sua.

75 2804 164 2887 cipit.
209 2802 282 2867 llus
298 2800 369 2865 sine
382 2801 475 2883 prole
490 2801 633 2863 moritur.

115 2899 343 2969 Erichthonius
355 2921 400 2966 ex
415 2899 586 2965 Calimhoii
612 2899 819 2976 Scamandri,
834 2905 870 2962 ut
885 2899 1039 2981 Dionys,
1057 2899 1112 2963 vol
1135 2920 1179 2966 ox

78 3001 246 3086 Astyoche
261 2999 442 3064 Simohntis
455 2999 477 3063 s.
494 3007 583 3064 creat
602 2997 729 3072 Tro'c'm5
751 3018 854 3081 aquo
872 2995 962 3059 Troia
975 2997 1066 3061 dicti.

119 3099 196 3169 Tros
218 3119 264 3164 ex
279 3098 459 3165 Callirrhoi
475 3099 679 3175 Scamandri,
691 3106 728 3163 ut
738 3097 893 3182 Apollod.
903 3097 963 3181 (cx
977 3095 1180 3176 Acallaride,

79 3202 236 3271 Eumedis
253 3199 278 3264 t'.
294 3208 332 3265 ut
346 3200 503 3284 Dionys.)
528 3198 621 3278 Ilum,
643 3200 842 3275 Assaracum,
867 3195 1088 3283 Ganymedem,
1103 3217 1179 3263 cnm

84 3301 408 3389 Cleopatra-generat.
451 3301 548 3367 Jam:

120 3404 299 3471 Assaracus
311 3401 544 3467 Hieromneme
559 3401 739 3467 Simointis
750 3401 773 3465 f.
786 3401 839 3465 vel
849 3399 1032 3484 Clytodora
1041 3399 1181 3465 Laome·

272 3501 310 3612 Τ
1033 3502 1143 3568 doniis
1155 3502 1181 3568 i.

231 3626 338 3714 capy·
352 3628 489 3692 'Ihemis
504 3627 547 3692 lli
562 3628 586 3693 f.
602 3629 654 3691 vel
670 3626 758 3693 Nais
771 3627 916 3712 nympha

325 3728 362 3836 Τ

251 3853 563 3923 Anchises-Venus

97 4152 132 4221 iii
152 4163 276 4240 antem,
306 4179 328 4225 a
358 4057 550 4256 qrffinhhhum
575 4161 755 4241 conditum,
790 4162 961 4246 progenies
986 4154 1186 4230 Laomedon,-
