2664 4686
114 329 202 395 3976
522 348 721 397 exconsus
744 333 810 399 tn*

115 495 183 558 tab.
207 497 291 556 extr.
315 492 418 574 Spon.
445 492 592 557 Miscell.
618 515 652 577 p.
666 493 744 558 808.
760 510 815 558 rx.
838 478 1046 561 Winckelm.
1071 496 1203 564 Momm.

115 594 203 661 ined.
218 616 252 677 p.
268 597 345 658 105.
390 594 539 659 Gemmae
563 605 720 671 aratrum,
740 595 882 659 obscure
905 602 1033 673 tamen,
1048 597 1204 665 reserentes

115 703 192 760 sunt
207 695 299 760 Mus.
316 695 403 761 Flor.
418 696 514 761 Tom.
532 713 572 772 ιι,
587 697 656 760 tab.
670 697 725 760 42.
758 694 886 761 Goriaei
899 696 1111 782 Dactylioth.
1124 701 1203 766 Ten.

114 800 148 876 ii,
163 819 197 863 ιι.
221 799 299 864 231.
344 797 509 874 Aratrum,
536 800 625 880 quod
649 801 682 863 in
707 799 853 862 Hesiodi
874 799 1022 865 edd-ex
1041 808 1109 866 ent.
1124 803 1203 869 codd.

114 901 299 975 exhibetur,
314 908 348 965 et
362 902 397 962 in
412 899 599 965 Montfauc.
624 900 788 983 Palaeogr.
811 920 859 983 gr.
873 921 909 984 p.
923 902 948 964 9
970 905 1145 984 repetimm
1157 912 1205 983 ert,

113 1003 246 1067 serioris
261 1024 319 1067 seu
334 1004 509 1067 commenti
523 1023 581 1064 seu
597 1023 678 1066 usus
693 1023 766 1066 esse
780 1007 885 1086 patet3
906 1022 986 1067 nam
1007 1005 1055 1067 ab
1070 1004 1204 1071 Hesiodo

114 1107 294 1189 ascriptum
319 1123 415 1168 nemo
441 1104 569 1168 dixerit.
615 1103 770 1167 Formam
792 1105 904 1181 aratri,
918 1123 990 1188 quo
1009 1125 1101 1172 nunc
1124 1106 1205 1171 Man·

114 1209 205 1271 tuani
220 1226 261 1271 ac
276 1206 396 1271 Veneti
411 1207 566 1288 agricolae
581 1212 726 1283 utuntur,
736 1226 804 1270 una
818 1225 893 1270 eum
907 1206 977 1269 alio
990 1209 1206 1290 exquisitioris

113 1315 300 1386 structurae,
316 1308 452 1391 Martyn
466 1310 608 1390 exprimi
623 1309 752 1372 curavit
765 1308 807 1371 ad
822 1327 859 1390 p.
872 1308 927 1372 te.
963 1308 1094 1373 Verum
1107 1321 1207 1376 neuoa

112 1410 308 1476 formosum
322 1408 513 1490 virgilianis
527 1409 637 1472 verbis
653 1409 737 1472 satis
750 1410 912 1473 convenit.-
956 1407 1206 1477 Videnaonsin

111 1511 362 1596 Anglus,n.1.
386 1512 445 1576 des
460 1509 627 1575 Carrieres
639 1509 679 1595 (a
698 1511 921 1575 Dissertation
944 1530 991 1575 on
1006 1511 1142 1595 Virgil's
1162 1513 1206 1577 de

112 1619 270 1698 scription
284 1616 323 1680 os
344 1616 397 1679 the
412 1615 542 1679 ancient
561 1613 694 1677 Roman
709 1612 851 1695 Plough,
867 1609 970 1695 1788)
990 1632 1108 1677 veram
1122 1614 1207 1678 nruui

112 1715 292 1798 virgiliani
314 1717 453 1780 sormam
477 1718 636 1800 reperisse
657 1717 693 1780 in
715 1715 861 1798 pondere
880 1713 1050 1784 Romano.
1095 1715 1206 1780 Verum

113 1819 171 1900 qui
185 1818 382 1899 inspexerit,
396 1818 507 1882 statim
522 1816 743 1900 deprehendet
755 1817 872 1878 mirum
886 1822 1050 1880 errorem:
1065 1822 1117 1881 est
1131 1817 1207 1881 enim

113 1938 153 1983 es
168 1918 342 1982 Romanus
365 1938 442 1981 cum
464 1938 562 2002 prora
585 1920 677 1995 ratis,
701 1937 801 2000 quem
820 1916 875 1980 ille
888 1935 951 1999 pro
964 1922 1079 1982 eratm
1093 1918 1206 1983 habuit.

111 2016 276 2102 (innotuit
288 2021 368 2083 mihi
382 2022 467 2084 inter
480 2040 549 2095 eoS,
560 2020 617 2102 qui
630 2020 726 2083 abeo
736 2017 812 2083 iude
825 2023 976 2100 tempore
987 2017 1100 2083 dehis
1113 2039 1206 2103 egere,

111 2118 263 2185 Adamus
282 2119 433 2185 Dickson
453 2119 656 2204 Husbandry
670 2119 710 2184 os
728 2119 782 2183 the
806 2117 965 2182 Aneients
979 2116 1106 2211 Edinb.
1121 2121 1207 2186 1788.

111 2241 142 2285 c.
159 2236 268 2298 xvnr,
292 2242 329 2304 p.
343 2223 409 2288 375
423 2242 497 2306 sqq.
522 2222 579 2305 qui
605 2222 739 2286 omnino
760 2220 804 2284 ad
826 2238 957 2284 carmen
979 2219 1208 2303 Georgiconun

111 2321 240 2388 consui
254 2329 376 2404 potest.
419 2321 544 2387 Verum
559 2322 625 2399 ille,
645 2324 708 2386 etsi
728 2322 912 2394 verborum.
924 2321 1089 2405 interpres
1103 2342 1207 2407 parum

111 2421 260 2501 idoneus,
284 2426 379 2507 ipsas
404 2444 457 2489 res
481 2424 632 2500 illustrat,
658 2429 964 2508 preceptorumque
986 2425 1159 2490 veritatem
1180 2433 1211 2490 et

111 2524 284 2589 utilitatem
298 2524 473 2607 explorat;
496 2525 591 2606 atqui
604 2525 678 2591 haec
693 2518 738 2588 ed
751 2525 936 2607 interpretis
949 2522 1064 2607 potitae
1084 2528 1210 2609 provin·

113 2625 199 2688 ciam
219 2624 307 2689 laud
330 2632 492 2708 spectant.
538 2624 616 2689 Non
642 2626 713 2690 siue
737 2626 847 2690 fructu
868 2626 1060 2708 inspexeris
1081 2626 1126 2691 ad
1145 2627 1176 2692 h.
1189 2627 1211 2691 1.

115 2722 145 2787 V
149 2724 229 2787 ossii
247 2741 280 2787 v.
298 2740 330 2789 c.
346 2723 569 2791 commentar.
586 2726 621 2789 in
636 2724 829 2810 Georgica.)

401 3135 915 3256 exconsusrn·

114 3399 120 3409 .
175 3323 224 3372 no
244 3324 369 3375 rocon
390 3324 440 3375 ou
461 3325 726 3377 rnoouosrrcrs
743 3298 894 3378 seucum
907 3327 1152 3395 verteremus

537 3422 586 3471 ex
603 3421 786 3472 rrovrnm.

154 3568 275 3653 Georg.
292 3587 315 3650 1,
330 3571 395 3637 &td
411 3573 506 3638 ‘Noc
520 3575 631 3638 miuus
645 3593 690 3637 ex
704 3574 800 3640 imbri
816 3575 912 3640 Soles
925 3581 957 3639 et
971 3586 1087 3661 aperta
1102 3600 1214 3648 serena

114 3671 307 3754 I‘rospicere
322 3678 356 3738 ot
381 3677 479 3740 certis
492 3677 614 3760 poteris
628 3695 828 3759 cognoscere
843 3678 957 3759 signis.
1002 3676 1095 3744 Nam
1110 3703 1215 3768 neque

109 3783 177 3838 turn
192 3773 295 3841 stellis
309 3776 398 3839 acies
411 3778 532 3842 obtusa
546 3778 691 3860 videtur3
715 3779 790 3844 Nec
813 3781 924 3845 fratris
945 3778 1047 3845 radiis
1067 3783 1216 3850 obnoxia

108 3894 237 3957 surgere
259 3874 372 3956 Luno;
392 3876 523 3944 Tenuia
544 3901 604 3946 nec
626 3881 712 3948 lanae
737 3903 797 3967 per
821 3883 945 3946 coelum
967 3882 1090 3948 vellera
1114 3887 1215 3952 ferri:

109 3973 186 4041 Non
209 3978 356 4064 tepidum
378 3980 420 4042 ad
444 3980 553 4046 Solem
570 4004 696 4067 pennas
719 3986 752 4049 in
769 3984 877 4049 littore
898 3985 1045 4069 pandunt
1065 3984 1215 4055 Dilectae

108 4074 237 4146 {thetidi
265 4083 462 4170 trnlcyones3
498 4104 566 4149 uon
601 4106 656 4152 ore
685 4089 812 4153 solutos
840 4087 1006 4153 Immundi
1033 4091 1217 4156 meminere

1 4199 3 4216 ¹
109 4196 186 4243 num
207 4182 333 4264 Jnetam
356 4184 539 4270 maniplos:
563 4185 611 4254 tu
629 4188 759 4256 nebulae
783 4191 891 4273 magis
914 4191 981 4255 ima
994 4191 1136 4275 petunt:
1150 4200 1216 4260 etc.
