2664 4686
186 281 274 349 ⁴462
520 294 715 375 nacansns
737 295 953 347 sntrtottoss

228 441 311 513 774.)
340 436 401 496 ‘Hi
420 435 581 497 Collatinas
604 436 756 514 imponent
778 435 927 497 montibus
948 452 1034 497 stass
1053 436 1219 499 Pomsrios'
1233 446 1281 499 etr.

227 555 305 598 nuno
319 533 535 610 interpositione
548 531 680 593 sennan
692 534 789 606 (775.)
799 548 949 610 nonquam
962 531 1096 593 antehac
1110 534 1238 606 excussi,
1254 554 1284 593 ne

225 630 418 695 animadversi
441 630 578 707 quidem:
606 626 730 687 ‘laude
760 628 909 705 pudicitiae
925 628 1084 699 eelebres,
1122 628 1284 710 sddentqne

228 728 370 807 superbos
385 725 541 787 Pometios'
559 735 618 785 eto.
641 732 744 785 ‘totns
765 724 848 784 locas
866 725 969 803 planus
981 736 1013 785 et
1039 726 1220 803 perspidtttss
1231 726 1285 789 sdi-

227 826 341 885 sistor!
379 822 437 883 Sed
459 823 488 882 in
509 823 567 882 boo
580 821 787 900 protbesanro
799 821 954 881 carbones.
995 820 1073 882 Vide
1089 822 1284 901 lleynitsnsd

228 941 294 982 eum
311 923 418 978 locutu.
461 920 548 979 Extat
560 918 590 977 ist
604 916 747 977 Biblioth.
758 916 877 994 Bipotrt.

190 1018 265 1080 1561
284 1014 543 1077 llentiooPetrina
557 1030 596 1076 tt.
613 1015 764 1085 Bucolica.
785 1012 941 1091 Georgica.
960 1022 990 1071 et
1005 1011 1121 1084 AEtseis,
1139 1013 1285 1075 sumis

229 1115 339 1174 Donati
352 1125 383 1174 et
397 1112 489 1173 Servii
501 1122 531 1172 et
546 1112 634 1171 Probi
648 1109 870 1171 Commentariis
882 1128 901 1168 a
913 1109 1027 1187 Geotg.
1043 1107 1188 1169 Psbsioio
1199 1128 1286 1171 neo·

104 1245 109 1257 ·
228 1210 324 1271 datis:
356 1211 433 1270 notis
451 1210 518 1269 itetn
533 1217 643 1267 recent.
675 1204 828 1285 Pomponii
841 1203 955 1273 Sabini,
975 1202 1056 1263 Phil.
1070 1202 1226 1275 Besosldi,
1242 1205 1287 1267 lo.

228 1307 384 1386 Hartungi,
406 1305 472 1365 lod.
486 1305 635 1374 withonii,
656 1303 768 1381 Geotg.
784 1300 919 1373 isoncii,
936 1298 1083 1371 Bottfittis,
1100 1300 1198 1372 Visis,
1211 1301 1287 1365 Cubi

228 1402 398 1481 Rhodigini,
432 1401 580 1472 Barlandi,
610 1402 728 1479 Scope,
762 1397 928 1460 Constantii
950 1396 1111 1474 Campam.
1141 1398 1242 1461 ceseii
1260 1405 1286 1456 et

223 1498 306 1558 aliar.
339 1495 472 1568 Basilete,
504 1495 585 1574 apud
613 1495 819 1574 Hearicopstr.
845 1493 900 1555 iol.
950 1493 1025 1571 Ejus
1050 1491 1168 1553 landus
1186 1493 1286 1555 ested.

231 1603 321 1657 1551.

189 1724 229 1741 -·
241 1688 380 1767 'ligurina
406 1707 431 1747 s.
451 1689 500 1749 lo.
525 1686 618 1772 Frisii.
655 1687 690 1747 P.
708 1684 821 1763 Virgilii
840 1686 919 1747 Mar.
940 1690 1081 1765 poimsts
1099 1704 1175 1765 qs·
1194 1693 1288 1753 estest

228 1786 337 1857 omnis,
357 1786 433 1845 Phil.
453 1784 693 1845 Melanchthonis
716 1780 962 1843 annotatiunsnlis
980 1781 1150 1852 illustratas
1168 1780 1287 1861 sdisetis

100 1931 104 1939 .
228 1880 328 1960 figuris
342 1878 420 1957 ligno
433 1880 529 1939 incisis
549 1889 581 1938 et
601 1878 841 1939 doctissimorum
854 1877 980 1939 virorum
993 1877 1118 1937 scholiis
1132 1886 1166 1939 et
1176 1887 1288 1941 nnis·

227 1974 367 2037 tionibus.
409 1972 525 2051 Tiguri,
549 1973 628 2052 apud
651 1974 822 2052 christoph.
845 1973 1060 2033 Frosohhover.
1084 1982 1114 2034 8.
1155 1974 1288 2053 osorton

229 2072 291 2132 sine
304 2067 400 2130 dnbio
411 2067 461 2129 ed.
473 2077 561 2139 1547.
594 2068 664 2129 Post
676 2067 758 2147 psal.
769 2068 846 2129 Pbil.
854 2066 1146 2129 Melassbthottissd
1154 2067 1286 2131 leem

227 2168 276 2228 Jo.
301 2165 405 2227 Frisios
424 2165 583 2245 Tigurinns
602 2163 741 2242 praefatos
758 2164 845 2244 epist
868 2162 1042 2242 christoph·
1069 2162 1287 2225 amonim

224 2262 338 2339 juniori
351 2261 490 2341 inscripta
505 2261 573 2321 Kal.
588 2262 680 2321 Mart.
695 2256 783 2321 1561.
808 2278 869 2337 qna
888 2265 1062 2319 contextam
1082 2256 1202 2319 collatis
1220 2258 1289 2339 opti·

229 2377 340 2417 marttnt
360 2357 521 2417 editionum
544 2355 759 2433 exemplaribus
780 2373 868 2431 quatu
891 2350 1111 2430 diligentissime
1124 2363 1287 2415 consono

229 2465 258 2513 et
277 2453 461 2514 emendatum
474 2452 611 2515 stlirmat.
650 2449 734 2510 idem
747 2447 951 2510 annotationes
969 2449 1077 2509 breves
1098 2444 1133 2509 is
1154 2448 1288 2511 Bnoolios

228 2559 258 2609 et
279 2548 427 2627 Georgica
444 2569 481 2608 es
502 2547 587 2608 variis
607 2545 827 2624 interpretibus,
846 2543 978 2623 inprimis
995 2544 1032 2604 P.
1054 2542 1145 2607 Rani
1162 2546 1286 2625 ptulett.

228 2645 298 2704 item
332 2645 493 2704 difficilium
528 2642 741 2703 vocabulorum
777 2641 1046 2720 interpretationem
1082 2642 1287 2705 Gensttiosts

228 2738 352 2814 adjecit.
392 2742 465 2799 Ace.
488 2738 660 2816 christoph.
683 2738 921 2816 Hegendorphini
946 2737 974 2796 in
994 2737 1149 2817 Georgia·
1170 2748 1286 2799 annota-

230 2830 379 2893 tiuncnloe.
421 2833 467 2891 Es
487 2832 590 2909 Steph.
609 2831 708 2891 Doleti
723 2831 761 2891 de
776 2832 810 2891 1..
825 2833 861 2891 1..
885 2831 1115 2893 commentariis
1133 2831 1167 2893 in
1179 2830 1284 2893 Raeto.

228 2926 376 3007 decerpta
389 2928 599 2988 annotationes.
639 2927 778 3005 Repetita
791 2928 928 2990 Francos.
940 2947 989 2989 an.
1006 2926 1097 2997 1667.

189 3059 229 3071 -
243 3024 454 3085 Pol-anniano
479 3041 518 3085 tt.
539 3025 650 3103 Opera,
687 3023 807 3085 Theod.
834 3024 989 3085 Pnlmanni
1021 3023 1126 3085 stttdio
1146 3036 1283 3094 onnon,

229 3140 298 3180 cnm
309 3120 441 3197 blaphoei
454 3118 537 3197 Vegii
551 3120 690 3180 AEneidos
701 3118 777 3179 libro
789 3135 872 3197 xtpt.
906 3120 1094 3199 Antvespiae,
1111 3120 1192 3201 apud
1206 3122 1284 3183 Plan·

230 3214 334 3275 tinum.
351 3225 379 3277 8.

189 3343 229 3354 -
242 3311 384 3368 Venetam
399 3308 509 3387 Virgilii
521 3310 676 3370 editionem
699 3331 748 3372 an.
765 3312 853 3373 1561.
871 3311 924 3371 fot.
944 3313 1102 3373 memorari
1123 3313 1195 3375 sidit
1210 3314 1282 3392 liet·

229 3404 311 3473 niun
340 3423 430 3482 quam
454 3415 552 3464 tamen
577 3406 687 3466 nullam
707 3408 794 3468 sliam
816 3427 879 3468 esse
905 3406 1077 3480 arbitrator,
1103 3429 1191 3491 qnam
1215 3428 1281 3469 mos

228 3497 447 3557 memorandam
462 3500 534 3558 Ven.
555 3499 639 3561 1562.

193 3590 269 3655 1562
285 3593 319 3654 P.
331 3592 442 3671 Virgilii
465 3595 542 3655 Mar.
563 3596 728 3657 universnm
751 3604 869 3677 poema,
881 3596 957 3659 ¹cttm
971 3599 1113 3663 absoluta
1124 3598 1215 3663 ausit
1225 3600 1281 3660 llo·

228 3686 324 3748 norati
348 3689 456 3761 Mauri,
477 3693 681 3765 Grammatici,
709 3703 741 3756 et
762 3694 845 3763 liadii
866 3694 1003 3757 Assensii
1029 3696 1279 3776 interprean'sse:

229 3782 318 3843 Probi
331 3793 362 3846 et
373 3786 422 3847 Jo.
437 3785 517 3847 Visis
531 3787 561 3847 its
575 3788 700 3868 arhga
713 3790 870 3869 allegoriis,
892 3789 1054 3872 lodociqtse
1067 3791 1190 3853 eraditis
1199 3809 1280 3868 ssptt

228 3880 377 3961 Georgica
391 3883 614 3945 commentariis.
657 3886 773 3956 Qnibas
794 3906 904 3947 asoess.
918 3887 995 3948 bad.
1008 3885 1096 3949 cmlii
1117 3884 1278 3965 Ritsffi'sinb

228 3976 277 4035 lo.
306 3979 433 4058 Scoppae
465 3980 682 4060 Parthenopaei,
713 3983 780 4045 Jso.
807 3984 973 4045 Constantii
999 3985 1151 4059 amosi,
1183 3984 1277 4045 tnnc.

229 4070 370 4150 Campani
394 4072 536 4148 Colossis,
566 4076 632 4138 Jao.
656 4076 753 4139 erosit
782 4079 895 4141 Bonon·
920 4100 1034 4143 neostott
1057 4080 1178 4141 alterins
1203 4075 1276 4141 docti
