2664 4686
436 352 489 401 Ao
511 336 684 402 muurnos
714 350 788 399 utu.
812 350 854 401 ιι.
1110 334 1198 405 uel

92 498 243 584 hfldsqq.
266 496 351 575 (ubi,
366 515 442 580 quae
457 496 512 559 hic
535 495 576 559 de
591 495 699 559 AEnea
722 502 951 576 memorantm,
974 493 1128 562 Menelao
1141 500 1198 565 tri·

92 600 172 665 butu
185 597 339 663 videbis:
361 599 519 679 impetum
529 596 702 660 occidendi
718 596 884 661 Helenam
896 604 931 663 et
944 598 1084 663 Veneris
1098 600 1199 664 inter-

92 705 241 779 ventum)
267 717 349 776 Χιν,
363 700 408 765 39
422 719 498 783 sqq.
525 699 710 785 Tryphiod.
725 701 911 767 602-621,
965 701 1072 766 Multo
1092 706 1200 786 magis

92 804 262 868 variarunt
275 801 497 864 narrationem
511 799 645 882 Tragici
656 820 717 883 pro
729 802 870 865 consilio
886 822 959 880 suo,
975 810 1008 867 et
1021 803 1121 867 modo
1137 805 1201 869 cri-

92 926 166 971 men
180 911 216 969 et
237 904 370 986 culpam
385 902 534 987 perfidioe
548 904 584 967 in
598 922 672 966 eam
690 894 909 982 cumularunt,
929 907 1028 971 modo
1043 913 1201 975 extenua·

92 1013 180 1072 nmt.
226 1006 268 1070 Iu
282 1004 409 1069 mutini
425 1004 567 1069 Excidio
582 1005 636 1069 Ilii
652 1007 698 1070 ita
721 1007 879 1072 traditum
901 1014 990 1074 erat:
1013 1008 1156 1088 Μενέλαος
1171 1016 1200 1077 ii

92 1105 215 1195 harpiis
227 1103 354 1183 Ἑλένην,
367 1107 409 1167 ἐπὶ
424 1110 476 1179 τὰς
487 1112 552 1180 ναῦς
567 1108 701 1193 κατάγει,
725 1108 868 1188 Δηΐφοβον
882 1109 1026 1192 φονεύσας.
1070 1112 1203 1199 Euripi.

94 1208 300 1293 dem'plane
313 1210 368 1273 hic
391 1210 515 1273 deserit
528 1209 702 1291 Virgilius,
717 1212 748 1273 si
770 1213 1012 1277 nobilissimum
1032 1214 1202 1280 Troadum

94 1310 219 1397 locun,
232 1330 406 1394 compares
420 1312 626 1376 sou-1058.
672 1311 759 1377 Mox
782 1316 916 1380 ‘limina
929 1315 1045 1380 Vestae
1061 1316 1204 1380 Servan-

94 1410 174 1477 tem’
194 1411 284 1477 dixit
298 1412 476 1477 Helenam.
520 1411 575 1474 Ad
590 1414 749 1497 templum
758 1414 873 1480 Vestae
888 1416 1037 1494 refertmt,
1053 1415 1096 1481 ad
1111 1416 1204 1499 quod

93 1512 155 1579 illu
176 1506 318 1597 (tiuippe
342 1514 441 1580 domo
464 1516 600 1578 incensa
609 1534 642 1579 v.
658 1513 752 1599 310.)
773 1516 987 1599 confugerat3
1010 1516 1100 1601 quod
1124 1534 1206 1581 saue

95 1630 172 1715 eme
185 1617 302 1682 debuit
314 1619 348 1682 in
362 1618 535 1701 Pergamo,
552 1620 715 1701 acropoli,
728 1626 765 1684 ut
778 1623 904 1704 templa
919 1621 1004 1686 alia:
1026 1620 1205 1705 dequibus

97 1718 201 1783 rubi.
222 1717 367 1782 Excurs.
385 1734 427 1782 1x
451 1719 576 1784 dichrm
599 1726 661 1785 est.
705 1719 847 1784 Vestam
870 1729 981 1787 autem
1006 1722 1133 1787 AEneas
1147 1722 1206 1786 ab·

97 1818 207 1897 duxit,
235 1840 312 1885 cum
334 1820 400 1884 llio
419 1820 612 1885 excederet:
638 1838 680 1899 11,
697 1821 774 1887 ⁶296.
789 1823 865 1888 297.
887 1823 933 1888 V.
949 1823 1093 1889 Excute.
1108 1823 1206 1888 eund.

99 1918 182 1987 Erat
197 1920 332 1986 Helena
353 1923 388 1985 in
413 1920 558 1986 thalamo
582 1922 765 2005 Deiphobi,
781 1925 877 1989 unius
890 1945 935 1988 ex
959 1924 1087 1989 Priami
1108 1923 1208 2003 liliis3

99 2021 262 2107 adeoque,
276 2029 316 2088 ut
327 2023 444 2107 reliqui
458 2023 571 2105 stirpis
587 2024 698 2104 regiae,
713 2025 748 2086 in
760 2026 837 2107 ipsa
850 2026 950 2107 regia.
977 2023 1029 2088 Gs.
1042 2044 1115 2107 sup.
1130 2024 1209 2089 509.

101 2122 199 2189 lliud.
217 2132 254 2203 z,
270 2125 336 2191 242
350 2144 426 2208 sqq.
471 2124 590 2206 Pugna
615 2127 728 2205 gravis
742 2126 835 2191 facta
847 2132 899 2190 est
913 2126 955 2189 ad
970 2144 1045 2190 eum
1060 2124 1208 2203 domum,

102 2220 258 2290 Menelao
279 2232 312 2289 et
331 2224 456 2309 Ulysse
469 2225 745 2308 irrumpentibus:
769 2226 894 2308 Odyss.
920 2232 956 2299 Θ,
972 2224 1048 2287 517.
1062 2222 1141 2287 AEn.
1153 2226 1209 2301 ἠ,

102 2323 171 2389 095
184 2342 260 2409 sqq.
284 2326 404 2390 Paride
425 2332 536 2390 autem
547 2342 569 2387 a
582 2324 769 2389 Philoctete
790 2327 916 2402 occiso,
933 2322 1128 2407 Deiphobus
1138 2322 1211 2389 Ha-

103 2422 213 2491 buum
226 2427 428 2493 abduxerat:
451 2444 484 2489 v.
500 2424 615 2508 Eurip.
630 2425 754 2493 'l'road
768 2427 834 2491 952
849 2446 901 2509 sq.
917 2427 960 2490 cs.
975 2424 1101 2489 Conon.
1111 2423 1212 2490 Nerr.

105 2526 146 2591 ut
173 2537 210 2595 et
229 2550 305 2615 sup.
331 2529 461 2594 netad
485 2549 520 2592 v.
547 2528 622 2592 310.
645 2547 732 2592 nunc
755 2530 854 2593 etiam
881 2528 1008 2594 Jacobs
1032 2528 1075 2592 ad
1096 2528 1209 2594 Tuetz.

107 2627 282 2695 Posthom.
309 2632 386 2696 601.
410 2631 486 2695 779.
531 2628 607 2693 Nec
630 2630 737 2693 minus
764 2632 971 2696 luxuriarum
994 2631 1213 2713 'lhagieomm

109 2730 235 2813 iugenio
248 2733 282 2795 in
296 2731 480 2796 reducenda
489 2730 641 2794 Helena:
667 2751 741 2796 cum
755 2724 923 2796 Homerus
934 2733 1127 2818 simpliciter
1137 2750 1213 2796 eam

110 2850 182 2895 cum
196 2832 356 2897 Menelao
370 2833 503 2896 domum
517 2830 657 2895 rediisse
671 2840 843 2897 narrasset.
887 2831 968 2897 Alia
982 2854 1056 2898 esse
1072 2833 1214 2898 debuere

111 2941 298 2999 commenta
311 2935 499 3019 lyricorum,
513 2940 550 2997 ut
565 2931 714 3009 Pindari,
731 2934 909 2998 Stesichori
923 2934 1033 3017 (cujus
1046 2935 1111 2999 fuit
1126 2958 1215 3010 κατη-

112 3032 193 3118 γορία
215 3033 334 3111 Ἑλένης
349 3042 382 3099 et
402 3031 574 3117 παλινῳδίας
598 3034 639 3095 de
652 3052 719 3115 qua
732 3055 764 3096 v.
782 3033 928 3098 Pausan.
950 3052 1007 3111 111,
1022 3032 1083 3116 19)
1106 3033 1214 3118 Ibyci,

115 3134 305 3201 Simonidis.
320 3136 373 3201 Cs.
389 3136 539 3199 Eustath.
555 3133 599 3197 ad
611 3132 710 3196 Iliad.
726 3140 765 3209 N,
777 3134 841 3196 417
846 3181 853 3198 .
869 3134 1041 3215 Singulare
1053 3133 1216 3216 est,'quod

118 3254 186 3301 cum
200 3237 414 3301 Antenoridis
431 3236 560 3299 Helena
581 3232 729 3317 Cyrenen
743 3236 932 3314 pervenisse
946 3240 1113 3298 namatur:
1138 3233 1217 3297 Pin-

119 3337 182 3402 dar.
215 3337 315 3422 Pyth.
335 3337 459 3414 5,110.
503 3334 628 3398 Verum
653 3333 862 3399 Antenoridae
885 3341 979 3401 erant
999 3338 1033 3399 in
1059 3336 1218 3400 comitatu

122 3438 273 3517 hlenelai,
286 3458 362 3502 cum
377 3457 445 3522 quo
459 3438 518 3501 illa
533 3438 616 3500 inter
627 3442 754 3500 ceteros
768 3456 904 3515 errores,
916 3456 1066 3521 perquos
1080 3437 1218 3502 maritus

124 3539 258 3620 jactatus
278 3538 355 3616 suit,
370 3537 472 3601 etiam
496 3536 636 3620 Libyam
660 3536 752 3600 adiit.
798 3536 1007 3620 Exposuerat
1028 3538 1102 3606 haec
1121 3537 1219 3623 Lysi-

130 3643 253 3709 machus
277 3643 303 3707 iv
321 3638 453 3716 Νόστοις.
476 3638 528 3705 Cf.
544 3638 655 3708 Sobel.
669 3639 712 3704 ad
727 3638 892 3727 Lycophr.
906 3639 982 3708 874.
