2664 4686
297 383 304 393 -
341 359 392 407 no
412 356 586 409 nunnus
608 354 758 410 atarv-
1008 330 1098 415 t'ldd

92 499 887 592 astudamhgrammttdmtmproptorv
901 508 1098 578 lwhaud

92 601 444 683 maritumum!
484 602 1096 725 Siodap'yrfflomdmmouumooi·

92 698 678 794 thnwhrtdouvtiptprpa.

395 970 686 988 a*

276 1147 863 1277 sxcunsusm.¹

383 1386 560 1441 onum
574 1388 711 1441 aunem
780 1356 783 1361 ’
905 1448 910 1459 ,

104 1530 172 1599 178
186 1550 262 1616 sqq.
285 1531 418 1598 ‘Fama
431 1530 568 1611 maium,
591 1552 659 1617 quo
680 1550 747 1599 nou
771 1532 862 1599 atiud
882 1534 1033 1602 velumus
1045 1536 1097 1604 ui·

97 1639 165 1700 eto.
216 1632 330 1698 Etiam
350 1633 536 1717 opisodim
555 1633 620 1697 hoc
644 1632 686 1696 de
711 1630 827 1711 Fama,
847 1650 923 1725 uec,
945 1634 977 1699 oi
998 1636 1096 1718 absit,

92 1735 192 1817 orari,
206 1741 241 1811 et
253 1735 329 1799 aliis
351 1734 437 1799 locis
460 1749 556 1818 aeqnc
576 1735 659 1798 bene
681 1734 843 1818 interponi
856 1732 959 1819 possa
971 1726 1096 1804 statua·

92 1836 124 1903 Ι.
137 1834 294 1902 Homius.
350 1833 491 1899 Videtur
511 1838 622 1899 tamen
646 1832 762 1900 Famae
783 1834 817 1899 h.
830 1832 854 1901 1.
879 1824 1096 1905 memorabile

92 1943 282 2004 momentum
297 1938 340 2002 ad
359 1955 465 2000 rernm
482 1943 637 2002 eventum
658 1936 903 2002 tummim.
957 1934 1098 2007 nacta:

92 2040 152 2105 dm
170 2059 210 2105 ea
228 2039 347 2104 Iarbas
369 2038 491 2104 Jovmn
513 2038 669 2122 precibus
682 2047 805 2116 movet,
817 2044 859 2103 ut
878 2034 1019 2103 AEneam
1039 2036 1096 2105 tna

92 2141 198 2224 ungine
210 2146 335 2205 avocet
390 2138 499 2203 Paulo
513 2138 652 2223 longius,
677 2158 777 2223 quam
790 2156 853 2222 par
867 2144 947 2217 crat,
961 2134 1097 2224 podiam

92 2240 164 2309 ioco
177 2260 251 2308 essa
266 2243 483 2318 immoratum,
501 2240 676 2325 judicabat
690 2238 884 2304 Addisouus
907 2258 983 2305 cum
1006 2238 1096 2311 aliis.

92 2349 229 2409 stamen
241 2342 377 2407 tadium
389 2344 449 2407 vix
463 2342 639 2417 suboritur,
653 2341 721 2405 nisi
734 2340 857 2405 talibus
870 2341 1097 2428 descriptioni-

92 2442 285 2526 imissaepe,
296 2447 330 2506 et
342 2443 448 2505 aliano
460 2442 548 2518 loco,
567 2440 753 2505 inculcatis.
801 2438 909 2507 Podtn
930 2460 1010 2508 vero
1029 2460 1096 2508 non

92 2543 172 2607 tocie
194 2541 308 2607 Famae
331 2540 531 2605 declaranda
553 2540 596 2605 ad
617 2540 783 2605 fastidium
808 2562 915 2626 usque
938 2544 1096 2620 substitit,

91 2643 210 2709 tiacta
234 2643 306 2725 ejus
330 2648 363 2706 et
384 2660 491 2705 mores
513 2647 547 2704 et
570 2641 728 2723 originem
750 2643 836 2709 adeo
856 2644 1017 2708 narrando
1041 2643 1098 2708 de·

92 2742 187 2808 bouis
200 2742 336 2807 taedium
351 2742 554 2825 temporavit.
599 2742 781 2807 Fatandum
795 2749 916 2822 mmuu,
927 2764 1000 2809 essa
1015 2745 1095 2823 alia,

98 2844 260 2909 subtiliori
281 2841 413 2925 judicio
434 2843 494 2905 vix
515 2843 598 2905 satis
623 2862 660 2906 so
683 2844 832 2926 probent,
848 2845 964 2908 aviris
986 2845 1095 2912 doctis

92 2944 327 3009 arrimadversa.
386 2943 501 3008 Primo
530 2963 561 3006 v.
591 2944 656 3006 176
681 2944 768 3007 mala
794 2944 1022 3026 interpositum
1046 2950 1098 3010 est

105 3046 196 3131 quod
211 3065 233 3108 a
247 3044 352 3108 Fama
364 3045 399 3107 iu
410 3045 517 3108 Deam
530 3048 657 3106 mutata
670 3063 732 3107 nos
745 3049 880 3107 revocat
893 3044 935 3107 ad
951 3045 1097 3110 abstrac-

92 3146 181 3231 quod
196 3145 349 3223 dicimus,
364 3145 408 3210 ad
423 3148 532 3229 ipsum
542 3164 727 3224 rumorom3
752 3143 893 3208 debebat
906 3163 979 3208 esse
993 3163 1100 3228 parva

92 3252 219 3323 imum,
234 3265 343 3323 cursu,
358 3248 482 3310 volatu.
523 3245 601 3310 Nec
625 3246 796 3310 verborum
817 3245 951 3328 positus
975 3244 1096 3310 admit·

92 3352 108 3413 t
127 3356 210 3410 neta
231 3348 274 3410 sit
298 3348 343 3410 ad
364 3353 497 3425 metrum,
521 3352 558 3412 ut
581 3353 702 3412 metum
724 3347 862 3431 injiciat.
914 3344 956 3410 lu
979 3364 1011 3410 v.
1033 3345 1099 3412 180

92 3447 169 3513 ibus
192 3448 331 3511 celerem
354 3454 387 3512 et
408 3449 598 3532 pumicibus
617 3449 690 3513 alis’
711 3449 819 3513 otiose
838 3447 995 3532 apposita
1008 3450 1098 3526 sunt,

92 3548 217 3633 puidam
241 3548 329 3626 loco,
343 3554 376 3613 et
398 3551 539 3613 resecari
559 3550 730 3614 debebant.
785 3547 935 3612 Tandem
957 3546 1002 3612 ad
1023 3566 1099 3634 spe·

92 3664 210 3734 ,quam
222 3654 332 3714 menta
345 3651 521 3731 animoque
537 3650 597 3714 tibi
612 3649 745 3714 reddere
758 3655 792 3714 st
804 3648 961 3713 exhibere
973 3649 1099 3733 possis,

92 3750 203 3833 uidem
217 3758 292 3817 sunt
303 3751 477 3836 praeclara,
498 3744 573 3815 csse
585 3758 764 3817 mensumn
778 3750 902 3833 plumis
925 3751 1098 3833 oculisque

92 3856 184 3932 tum
217 3858 253 3919 at
277 3849 403 3938 linguis,
418 3850 532 3929 oribus,
546 3849 741 3936 auribusque,
756 3856 827 3916 roto
840 3869 979 3934 corpora
990 3847 1100 3913 induc·

92 3951 248 4034 puomodu
269 3952 350 4018 illud
371 3952 593 4037 aasapossit:
630 3952 859 4035 ‘totlingum
880 3950 1019 4016 totidem
1040 3964 1099 4013 ora

92 4055 131 4131 nt,
144 4058 194 4119 tut
217 4054 355 4137 subrigit
375 4053 502 4120 aurcst'
533 4055 597 4119 boc
615 4053 678 4119 vix
698 4053 899 4138 namucus.
953 4047 1039 4127 Quo
1064 4047 1099 4112 in

176 4156 288 4239 posita
308 4160 405 4223 munt:
437 4153 550 4221 ‘Tam
574 4154 643 4224 ficri
669 4153 831 4240 pretim
858 4156 971 4233 tw·
995 4164 1097 4233 *ΡΨ
