2664 4686
354 332 519 388 vranrurr
549 334 865 389 ruraarnrrruua.
1064 312 1168 395 'tom-

41 476 220 544 --nreatas
242 478 501 544 erutione-turra
521 480 633 560 virgtm
656 480 825 562 eollegerat.
850 474 982 546 'Donat
995 472 1065 548 viri
1078 482 1161 574 Virg.

46 574 151 643 1⁶2:
242 584 247 595 “
297 584 301 591 “
411 585 415 592 ’

98 677 216 739 earm·
246 676 447 738 aramum
468 677 506 739 aa
521 679 585 741 m.
609 674 751 740 usare.
774 678 1008 741 uurueaumo
1023 668 1111 744 vens'o
1130 684 1161 747 in

53 772 245 836 ionis-inseris
257 774 353 854 agitur
363 774 456 852 (noni.
470 774 509 836 ad
524 776 582 836 Ge.
600 792 646 836 ιν.
660 780 746 852 484.)
759 785 767 810 ‘
781 779 828 836 De
840 776 892 836 iiio
906 778 984 838 enim
997 780 1065 840 ioco
1077 766 1164 844 multi

56 878 215 951 quaranta
247 878 257 925 t
271 871 337 950 quain
346 878 454 932 'tantus'
463 871 588 952 plangor
597 871 636 932 'ad
651 891 737 934 auras
746 875 771 934 i'
797 873 854 934 Sed
869 875 964 934 Poiiio
976 866 1049 936 dicit
1063 879 1163 941 AEueae

56 976 94 1029 et
104 968 236 1048 sibylla,
253 987 328 1046 quas
340 969 384 1028 iiii
398 988 499 1029 secum
514 979 682 1039 traxerant3
715 989 783 1030 cum
798 979 914 1033 constet
926 973 1014 1033 etiam
1028 962 1163 1039 illic'esse

56 1069 167 1126 aurasl
202 1065 263 1126 tut.
277 1065 403 1126 Sabinus
417 1066 454 1125 ad
470 1081 518 1125 vr.
536 1072 602 1127 rat.
623 1066 698 1127 ‘Bis'
713 1068 862 1147 Stygios&
899 1058 1016 1130 ‘'Potui
1037 1052 1164 1135 admira·

57 1172 120 1233 tur,
135 1180 204 1223 num
218 1163 324 1223 AEneas
337 1171 414 1222 esset
433 1162 550 1224 futurus
573 1166 666 1236 Deus,
680 1184 735 1225 eur
747 1165 830 1226 dicat
844 1166 898 1227 iia.
951 1168 1083 1229 Solvitur
1094 1170 1163 1244 hoo,

57 1258 132 1340 quia
144 1258 224 1338 apud
238 1259 402 1319 Homerum
416 1259 535 1341 Ulysses
549 1260 622 1321 vidit
635 1261 769 1322 umbram
787 1263 923 1324 Herculis
935 1264 1015 1343 apud
1031 1264 1165 1329 inferos!

56 1354 175 1417 Similes
186 1356 286 1434 'aeque
299 1356 423 1435 ineptias
447 1357 476 1416 in
499 1359 652 1418 Maronem
674 1359 870 1433 contulerant,
884 1361 985 1440 quales
1007 1360 1165 1446 Porphyrii

56 1453 242 1535 aliorumque
256 1455 339 1514 fuere
352 1455 382 1513 in
395 1455 566 1516 Homerum.

102 1551 226 1614 Probus.
280 1552 415 1613 Valerius
435 1552 550 1612 Probus
567 1552 803 1625 Grammaticus;
835 1555 888 1634 qui
913 1557 952 1618 sit
973 1559 1049 1620 iuter
1070 1558 1166 1623 varios

56 1649 186 1720 Probus,
199 1648 399 1727 disputantem
422 1647 484 1708 vid.
507 1651 665 1709 Burmann.
680 1651 747 1710 Sec.
761 1651 844 1729 praef.
857 1660 900 1732 (p.
915 1659 981 1730 85.)
993 1665 1023 1717 et
1036 1657 1126 1719 Tum.
1142 1674 1165 1719 1.

59 1743 189 1807 Autirol.
204 1765 273 1825 pag.
287 1744 358 1815 739.
404 1744 534 1805 Probum
556 1745 637 1806 iilum
653 1757 779 1807 veterem
794 1769 831 1810 ex
845 1751 971 1812 Neronis
985 1755 1167 1833 temporibus

59 1842 140 1904 bene
163 1843 297 1903 novimus
321 1842 358 1902 ex'
380 1841 512 1902 Suetonii
541 1841 585 1901 lii.
614 1843 669 1902 Gr.
698 1861 765 1921 cap.
791 1854 849 1912 24:
885 1847 960 1907 aiter
981 1848 1039 1910 fuit
1065 1844 1167 1911 saeculi
1239 1836 1242 1841 ¹

58 1938 217 2004 Adrianei.
259 1938 410 2000 Laudatur
422 1957 440 1999 a
454 1936 553 1998 Gellio
568 1954 618 1999 rx.
630 1941 659 1998 9.
673 1938 737 2016 ejus
746 1938 898 2017 judicium
912 1942 952 2002 da
967 1962 1055 2005 versa.
1065 1948 1130 2006 ΕΔ.
1143 1965 1167 2007 1.

59 2044 133 2101 504.
147 2058 205 2118 sq..
224 2036 304 2098 aliud
319 2052 402 2097 ¹111.
417 2045 466 2098 20.
492 2036 542 2095 ubi
564 2035 778 2114 Georgicorum
802 2056 855 2101 ms.
870 2040 1087 2119 autographum
1101 2044 1167 2103 Vir-

59 2134 122 2217 gilii
137 2128 274 2196 habuisse
287 2142 431 2195 narratur.
473 2134 558 2212 Saepe
583 2134 682 2193 Servio
703 2132 732 2191 iu
747 2133 907 2203 AEneidem,
923 2138 1012 2196 semel
1026 2138 1056 2196 iu
1070 2140 1168 2200 Geor·

59 2234 139 2314 gica,
152 2241 349 2303 memoratur:
379 2231 466 2292 etiam
482 2230 601 2289 Donato
622 2229 651 2288 in
672 2229 788 2291 Corum.
806 2228 836 2288 in
850 2228 971 2291 Terent.
986 2241 1016 2292 et
1030 2235 1167 2298 Maerob.

60 2342 96 2389 v.
113 2340 163 2410 29.
205 2324 441 2391 Commentarius
452 2326 517 2404 ejus
530 2325 560 2385 in
575 2325 717 2385 Bucolica
736 2335 767 2386 et
790 2326 938 2405 Georgica
951 2328 1167 2408 circumfertur,

62 2425 116 2488 sed
131 2426 250 2487 nomine
266 2436 398 2494 tautum
428 2417 599 2494 sumerum,
614 2442 673 2483 uno
688 2424 734 2482 vel
748 2425 840 2484 alteru
855 2425 921 2485 loeo
934 2424 1009 2485 forte
1030 2436 1168 2506 excepto,

61 2523 163 2585 tenuia
176 2532 207 2584 et
226 2521 333 2599 jejuna
346 2530 495 2600 excerpta,
510 2538 604 2597 eaque
616 2519 802 2598 interpolata,
818 2538 885 2599 quae
900 2520 1010 2598 primus
1025 2523 1054 2581 in
1068 2525 1166 2584 iucem

61 2617 247 2702 protulit'lo.
264 2618 349 2694 Bapt.
365 2616 506 2696 Egnatius
526 2616 558 2675 in
581 2615 653 2677 edit.
670 2623 758 2685 1507.
780 2616 1056 2696 ‘quemadmodum
1068 2618 1118 2678 iila
1131 2640 1170 2680 ex

62 2714 173 2778 nodioe
186 2714 381 2777 vetustissimo
401 2735 457 2776 ms.
481 2713 567 2774 Bobii
582 2713 734 2792 quondam
747 2733 764 2774 a
779 2714 909 2792 Georgia
923 2715 1039 2774 Merula
1051 2715 1170 2777 invento

56 2802 277 2876 'adnotaverat'
316 2811 470 2892 Repetitus
483 2809 552 2871 inde
572 2820 617 2871 est
636 2830 653 2870 a
669 2811 778 2884 multis,
797 2821 828 2872 et
846 2812 948 2885 Servii,
963 2813 1085 2885 Donati,
1099 2813 1170 2873 alio-

61 2931 189 2991 rumque
203 2909 419 2971 commeutariis
433 2908 494 2969 sere
507 2907 654 2986 adjectus.
741 2958 744 2963 .

108 3007 226 3070 Servius
245 3009 367 3067 Maurus
387 3008 559 3067 Honoratus
583 3025 653 3065 saec.
667 3023 700 3065 v.
724 3005 943 3085 grammaticus.
984 3008 1036 3067 Da
1055 3024 1091 3064 eo
1113 3005 1170 3065 vid.

64 3104 225 3167 Burmann.
239 3103 320 3183 proef.
337 3108 379 3183 (p.
394 3111 443 3165 20.
457 3106 527 3184 sq.).
568 3102 662 3173 Alios,
686 3102 725 3162 de
747 3112 792 3162 eo·
805 3102 856 3181 qui
877 3101 1000 3180 egerint,
1014 3100 1075 3162 vid.
1089 3101 1170 3179 apud

62 3201 183 3265 Staium
199 3202 357 3261 onomast.
378 3200 470 3260 Tum.
486 3216 509 3259 1.
531 3217 598 3278 pag.
612 3207 683 3266 471.
702 3199 773 3259 add.
793 3199 921 3259 Masrie.
940 3197 1023 3277 praef.
1065 3200 1113 3258 De
1126 3199 1171 3257 in·

64 3295 312 3378 terpolationibus
325 3295 366 3355 of.
380 3295 456 3356 Justi
478 3295 610 3374 Specirn.
633 3296 724 3355 Obss.
748 3296 813 3357 orit.
838 3314 870 3374 p.
891 3303 941 3358 ³5.
982 3297 1172 3359 Commenta-⁴

64 3395 142 3457 rium
155 3395 184 3455 iu
198 3392 349 3454 AEueidem
366 3392 445 3470 prius
457 3400 637 3464 exaraverat,
659 3400 721 3451 tum
744 3391 773 3452 in
792 3393 929 3472 Eciogas,
944 3392 1047 3454 ultimo
1059 3390 1129 3453 loeo
1143 3394 1172 3452 in

65 3491 245 3570 θωπείαις·
264 3487 344 3549 conf.
364 3491 521 3549 Burmann.
545 3488 630 3566 praes.
652 3495 696 3568 (p.
718 3493 782 3564 22.)
803 3498 833 3550 et
846 3490 883 3549 ad
899 3491 957 3551 Ge.
972 3507 996 3551 1.
1013 3496 1083 3553 208.
1126 3491 1172 3549 Er

65 3587 152 3650 trinis
167 3586 212 3647 his
225 3584 449 3647 Commentariis
462 3584 605 3645 habemus
618 3585 805 3662 samagiuem,
825 3586 910 3646 bouis
925 3586 1076 3663 malisque,
1092 3585 1173 3646 seriis

64 3702 104 3746 ac
117 3685 213 3763 nugis,
227 3685 303 3744 adeo
317 3680 516 3753 commixtam,
532 3691 574 3754 ut,
589 3681 661 3760 quid
681 3681 718 3742 ad
739 3682 832 3741 Servii
846 3683 1053 3743 auctoritatem
1068 3683 1173 3742 referre

66 3781 164 3853 maiis,
177 3779 325 3841 interdum
340 3778 389 3838 rix
403 3778 432 3839 iu
447 3790 567 3858 promtu
582 3779 700 3840 itabeas.
746 3780 826 3840 Usus
839 3779 941 3840 saitem
955 3779 1019 3856 ejus
1032 3780 1069 3838 ad
1083 3780 1173 3858 inter·
1249 3807 1254 3822 ·

65 3876 244 3959 pretaudum
267 3883 386 3956 poetam
399 3894 465 3936 esse
478 3884 576 3955 potest
590 3874 712 3953 exiguus
735 3884 788 3935 aut
811 3875 920 3949 nulius,
943 3876 998 3936 nisi
1019 3874 1178 3949 accesseris

66 3973 106 4035 ad
122 3981 241 4054 poetam
255 3975 297 4033 ita
313 3966 380 4051 jam
400 3972 546 4034 literarum
561 3972 666 4052 peritia
679 3982 710 4032 et
725 3994 779 4032 usu
794 3973 965 4043 instructus,
981 3982 1023 4045 ut,
1037 3990 1105 4050 quae
1120 3971 1175 4030 tul·

66 4070 157 4132 lenda
170 4090 207 4133 an
221 4069 414 4148 relinquenda
428 4070 496 4143 siut,
511 4079 699 4151 perspectum
714 4071 834 4133 habeas.
886 4072 961 4131 Saue
974 4070 1066 4129 muita
1080 4067 1175 4155 inesse*

135 4183 258 4249 mapsa
271 4183 328 4235 var.
341 4183 406 4233 cus.
604 4182 674 4248 rag.
992 4236 1001 4245 ,
1031 4186 1062 4257 rs
1079 4170 1113 4233 Μ’
