2692 4974
413 349 465 398 nn
487 336 661 397 sucinos
689 332 762 397 nri.
785 348 839 397 ιι.
1098 318 1184 403 4307

70 481 324 579 ‘seynno'chi'o
344 492 380 555 in
393 488 524 573 Fragm.
536 512 571 574 p.
584 489 704 556 ls'ro.
721 480 889 575 irueogr.
906 480 1018 565 Hnds.
1033 492 1071 558 it.
1083 485 1181 560 Aini-
1301 509 1305 516 ·

71 614 155 677 gon.
167 595 202 658 ln
216 590 345 658 A'dmir.
361 613 391 658 c.
406 593 794 677 134(θι1.Βθο1ιιιιιιι.ρ.
810 591 949 677 suebat
964 592 1052 658 Plin.
1069 610 1109 672 ιι,
1123 595 1178 660 41.

73 695 134 762 cf.
144 695 186 759 de
199 695 263 760 hac
277 697 388 760 insula
396 696 598 789 Vauvilliers
615 696 724 761 Notus
739 695 783 760 ad
795 696 954 779 Sophocl.
965 695 1007 760 Τ.
1024 710 1065 772 ιι,
1075 717 1111 779 p.
1125 696 1181 762 61.

71 796 227 883 Tertium
248 797 355 861 simile
377 797 563 860 bisarium
589 814 690 878 genus
712 797 856 860 nobilius
877 796 961 861 forte
986 798 1104 861 ceteris
1118 798 1183 863 bnt

75 895 322 984 Meleagrum,
337 899 381 963 ad
394 900 556 963 tumulum
572 895 733 981 Meleagri
747 899 781 961 in
795 897 1102 963 AEtoliavisarumt
1139 898 1181 964 do
1301 904 1313 914 “

74 1001 202 1085 quibus
216 1022 250 1065 v.
265 1001 386 1064 AElian.
403 1001 449 1064 H.
466 1000 509 1065 A.
523 1017 573 1079 ιν,
587 1000 644 1077 42,
657 1000 715 1064 ubi
727 998 770 1074 cf,
786 997 966 1063 Schneider
980 1004 1015 1063 et
1026 988 1182 1070 Antonin,

79 1101 303 1186 Metamorph.
318 1122 347 1166 c.
362 1104 395 1168 2.
438 1102 595 1185 Antigon.
610 1102 741 1186 Caryst-
763 1118 805 1165 ιι.
820 1107 853 1165 et
867 1103 914 1166 ibi
927 1101 1109 1166 Beckman.
1124 1102 1184 1185 qni

71 1203 241 1290 judicium
254 1222 369 1268 eorum
381 1204 525 1268 firmavit
538 1207 596 1288 qui
612 1223 671 1268 eas
684 1222 758 1268 esse
780 1210 914 1268 censent
935 1208 1066 1268 nostras
1089 1196 1184 1265 Peri

77 1303 192 1383 lilaea
209 1301 382 1369 Pirrtrdes:
409 1321 442 1369 r.
456 1305 588 1370 Plinius
606 1321 646 1381 x,
662 1306 706 1370 2ss
720 1324 749 1368 s.
765 1306 819 1370 37.
834 1304 889 1369 38.
906 1324 993 1387 quas
1007 1306 1125 1369 iterum
1139 1314 1183 1370 ex

77 1405 208 1473 Afficae
221 1406 482 1471 occidentalibus
495 1408 564 1471 oris
585 1408 618 1469 in
637 1405 804 1489 Europam
820 1412 1041 1489 apportarunt
1063 1405 1185 1471 Franci

79 1508 173 1574 Saec.
187 1524 269 1574 xiv.
323 1507 549 1571 Exomavcrat
572 1506 719 1572 fabulam
741 1508 775 1570 in
798 1503 961 1593 Meleagro
976 1526 1040 1572 sno
1055 1507 1184 1590 Sopho.-

77 1610 165 1687 cles,
181 1609 224 1674 de
237 1630 305 1693 quo
319 1629 353 1674 ι.
368 1609 455 1673 Plin.
471 1626 614 1674 xxxvii
633 1629 662 1674 s.
678 1609 731 1686 11,
747 1610 780 1673 1.

127 1710 302 1775 Habemus
339 1710 510 1775 Benedicti
546 1708 749 1775 Cochorellae
778 1710 1034 1794 descriptionem
1067 1710 1186 1780 insula)

76 1812 281 1878 lhemitanse
309 1815 344 1877 in
372 1813 544 1879 Thesauro
574 1812 682 1877 Italiae
708 1813 904 1897 repetitam
939 1815 1044 1879 multa
1068 1815 1123 1881 hic
1145 1815 1197 1900 de,

79 1912 204 1979 aribus
225 1913 291 1991 his,
317 1933 401 1998 quas
425 1933 514 1978 nunc
536 1913 673 1980 Artanes
697 1915 877 1997 appellant,
900 1922 1090 1997 narrantur;
1126 1934 1188 1983 nec

78 2021 194 2081 tumen
207 2012 284 2079 inde
299 2023 406 2080 certos
421 2016 534 2079 avium
553 2015 669 2079 harum
692 2015 898 2079 characteres
920 2017 1076 2097 colligere
1098 2018 1187 2096 licet,

78 2120 119 2180 ut
134 2122 307 2202 appareat,
322 2135 366 2179 an
378 2116 422 2179 ad
440 2116 584 2180 latorum
608 2134 709 2197 genus
722 2115 900 2180 referendae
915 2117 992 2181 sint.
1037 2115 1113 2182 Nec
1127 2117 1187 2187 Ab

80 2217 274 2283 drovandus
289 2216 448 2283 Omithol.
464 2219 522 2291 lib,
539 2233 627 2293 xix,
642 2217 676 2293 3,
691 2217 749 2299 qui
765 2218 953 2282 accuratius
977 2216 1020 2281 dc
1040 2217 1094 2282 his
1117 2218 1189 2283 avi-

82 2321 149 2383 bus
162 2320 230 2402 egit
242 2339 404 2404 quemque
417 2321 474 2383 alii
492 2320 556 2384 lere
569 2324 760 2402 sequuntur,
774 2319 957 2405 quicquam
971 2317 1104 2383 delinit:
1126 2320 1188 2384 etsi

81 2421 142 2486 ille
152 2420 270 2493 habuit
284 2420 328 2485 ad
342 2440 379 2484 se
391 2413 618 2495 transmissam
632 2438 677 2483 ex
691 2419 800 2492 insula
812 2424 908 2484 av'em
924 2439 969 2483 ex
982 2420 1047 2485 hoc
1061 2418 1189 2506 genere,

84 2521 189 2589 Nunc
203 2526 312 2586 tamen
324 2523 407 2587 inter
422 2520 654 2597 Procellarias,
668 2538 712 2583 ex
737 2520 891 2585 anserino
905 2540 1032 2603 genere,
1047 2514 1191 2594 referunt

81 2634 212 2689 nature
224 2642 333 2694 rernm
347 2628 519 2688 auctores:
543 2621 633 2706 apud
646 2617 1033 2690 LinnseumProeelloric
1046 2617 1191 2704 Puffirrrrr

81 2731 148 2789 est.
200 2722 254 2800 cf,
277 2723 457 2790 Schneider
479 2724 522 2788 ad
544 2724 670 2807 reliqua
692 2721 854 2787 Friderici
880 2739 919 2785 ιι.
944 2723 1033 2807 Imp,
1060 2730 1189 2801 auctet,

85 2821 167 2893 Vol.
183 2842 224 2906 11,
247 2846 281 2910 p.
288 2826 369 2890 159.
424 2824 492 2889 Sed
505 2827 590 2889 benc
606 2822 852 2907 wiuougbeius
866 2830 900 2888 et
913 2823 1032 2910 Rayus
1046 2830 1189 2906 monent,

82 2926 317 3012 expecmndos
340 2944 416 2991 esse
431 2927 584 2991 meliores
606 2931 770 2992 auctores.
826 2923 993 2991 malibus
1014 2928 1191 3011 ampliores

83 3027 269 3095 secundum
303 3022 542 3101 Cochorellam,
574 3027 662 3090 diem
688 3024 851 3108 piscando
880 3026 914 3088 in
939 3026 1049 3098 medio
1069 3028 1191 3111 pelago

84 3131 236 3213 exigunt,
265 3131 302 3195 in
329 3130 543 3215 scopulorum
572 3127 723 3192 cavernis
750 3124 924 3190 nidificant
957 3131 1073 3210 (quarn
1104 3134 1193 3194 recte

86 3233 201 3318 itaque
226 3230 389 3316 Virgilius
412 3233 561 3316 posuerit
582 3228 885 3314 ‘Fluminibusque
907 3234 1069 3311 vagantur
1090 3227 1192 3308 aves,’

85 3352 152 3399 non
165 3333 290 3399 dicam.
318 3363 322 3373 ·
343 3331 504 3397 Solertius
518 3331 730 3417 Lycophron.
755 3331 778 3395 1.
792 3349 822 3396 c.
846 3350 880 3395 v.
900 3331 966 3397 595
990 3328 1192 3401 diaecesim

86 3434 199 3499 llam
213 3432 395 3514 αἰνήσουσι),
420 3435 493 3500 solo
507 3434 607 3518 adipe
628 3434 810 3517 probantur
823 3434 953 3512 incolis,
969 3455 1037 3518 quo
1051 3434 1113 3519 p'ro
1126 3430 1193 3499 me·

88 3537 278 3603 dicamento
301 3537 350 3601 illi
374 3541 527 3614 utuntur:
560 3538 702 3604 clamore
723 3537 893 3602 imitantur
906 3539 1052 3618 vagitum
1074 3534 1194 3622 puero

87 3660 160 3731 rum
174 3645 210 3704 et
224 3639 395 3725 armprrplr,
410 3638 495 3703 unde
518 3638 615 3704 docte
642 3636 739 3702 Maro
751 3657 767 3706 :⁴
792 3638 976 3722 ‘scopulos
999 3638 1194 3723 lacrymosis

86 3742 230 3808 vocibus
244 3738 401 3823 implent,'
422 3741 498 3815 eod,
513 3741 580 3813 loc.
597 3759 652 3820 xl,
668 3740 744 3812 274.
788 3739 917 3805 Plinius
930 3740 954 3805 l.
969 3761 998 3806 c.
1019 3740 1194 3820 llll-icarum

89 3840 203 3907 similes
218 3844 287 3921 ait;
320 3844 468 3911 oloribus
483 3845 646 3909 assimilat
666 3842 866 3928 Lycophron
887 3843 911 3909 1.
927 3863 957 3908 c.
981 3865 1014 3908 v.
1030 3845 1107 3909 597.
1152 3840 1196 3906 Et

91 3944 190 4017 Ouid.
208 3962 277 4009 xiv
294 3945 378 4008 Met.
392 3944 458 4010 509
475 3949 491 3982 ⁴
502 3944 540 4010 Si
556 3946 726 4011 volucrum
741 3965 818 4029 quse
833 3946 879 4010 sit
892 3947 1074 4010 subitarum
1088 3945 1196 4008 forma

91 4049 243 4133 requiris,
261 4047 310 4112 Ut
321 4066 389 4111 non
404 4066 590 4132 cygnorum,
615 4050 665 4114 sic
689 4047 775 4113 albis
798 4044 1105 4130 proximacygnis!
1148 4042 1197 4109 A't

91 4151 231 4217 Servius
257 4148 300 4215 ad
330 4166 386 4228 xl,
415 4148 481 4217 ‘m
505 4155 539 4220 ct
561 4148 702 4223 Minos
725 4148 769 4213 ud
791 4147 957 4242 Lycophr.
981 4149 1004 4221 1,
1020 4168 1051 4212 c.
1074 4145 1196 4233 bellota
