2664 4686
191 274 279 343 4082
610 293 808 345 excursus
837 295 879 346 ιι.

192 437 442 523 antiquioribus,
458 438 607 503 carmina
621 457 666 502 ex
679 440 721 504 iis
735 440 891 509 aetatibus
911 460 1068 528 maguam
1084 446 1180 531 apud
1198 469 1294 532 gran

192 540 332 605 maticos
356 540 561 622 sequentium
584 541 781 605 maurorum
804 544 1036 611 auctoritatum
1051 547 1215 616 habeant:
1238 553 1294 618 Ze

191 643 266 706 simi
294 646 391 705 aetate
419 641 479 706 vix
507 640 686 725 quicquam
716 640 872 709 Pisandri
903 626 1031 711 Rufio
1058 655 1095 713 et
1122 654 1293 737 aequaiim

190 749 371 825 supererat.
416 741 496 807 Hoc
519 743 622 808 altero
642 744 741 826 igitur
753 745 1142 823 admissa-*conveniunt
1165 755 1292 820 interae

190 845 313 922 omnia,
341 845 606 928 necquicquam
638 847 761 925 turbat,
791 852 1013 932 praeterquam
1039 850 1293 922 Macrobiiaut

189 946 408 1027 grammatici,
432 965 530 1031 quem
553 947 609 1012 ille
631 947 818 1030 loquentem
840 947 977 1027 inducit,
1003 959 1191 1034 assertum
1213 956 1292 1040 quod

188 1052 323 1125 temere,
337 1066 399 1112 nec
413 1048 566 1132 iuspecto
582 1047 757 1125 Pisandro,
782 1054 816 1112 et
836 1048 977 1113 salande
992 1069 1034 1114 eo
1046 1062 1217 1138 concepta
1228 1059 1291 1142 opi·

188 1148 300 1225 nione,
323 1153 381 1213 aut
401 1149 539 1214 confuso
564 1149 718 1214 Pisandri
743 1151 888 1229 nomine,
910 1171 988 1215 cum
1012 1155 1189 1238 antiquum
1210 1157 1290 1225 illm

185 1248 360 1314 Rhodium
384 1249 520 1334 potitam
548 1256 717 1317 auctorem
742 1270 818 1316 esse
839 1256 982 1336 putaret,
1005 1254 1176 1338 prolatum
1199 1257 1289 1325 imaro

188 1349 399 1418 mansestum
413 1349 474 1416 fit.¹
520 1350 660 1417 Potuere
680 1357 789 1417 tamen
811 1353 848 1417 in
869 1372 910 1420 eo
924 1353 1006 1418 inter
1023 1361 1137 1421 cetera
1149 1377 1204 1422 ree
1217 1358 1289 1424 'ho

183 1451 275 1534 janae
291 1453 426 1536 exponi,
440 1456 484 1530 et,
510 1456 668 1535 tanquam
690 1473 713 1518 a
737 1451 891 1518 Romano
916 1459 1062 1532 auctore,
1074 1457 1151 1521 sive
1165 1458 1210 1522 ad
1222 1456 1288 1524 V'n·

188 1553 258 1634 gilii
271 1540 558 1637 exemplumsive
572 1553 615 1618 ad
635 1572 841 1618 communem
860 1554 1014 1618 narrandi
1038 1575 1177 1636 morem,
1192 1559 1285 1642 qmtir

188 1656 231 1718 ab
245 1674 287 1719 eo
301 1654 379 1718 inde
392 1661 540 1738 tempore
562 1656 644 1719 inter
667 1654 840 1721 Romanos
862 1654 937 1733 fuit,
962 1657 1133 1723 constitui.
1177 1657 1284 1723 DeSi·

186 1773 274 1817 none
288 1759 321 1818 et
334 1775 420 1838 equo
434 1754 590 1839 'l'rojano,
607 1777 682 1840 qnae
697 1758 842 1842 exempli
855 1757 963 1824 locon
978 1755 1160 1825 Macrobii)
1172 1778 1282 1827 memo·

159 1872 161 1877 ’
187 1858 309 1932 sautu.
323 1873 386 1926 suo
402 1855 477 1921 loco
491 1856 689 1926 videbimus.

569 2151 876 2170 m

500 2278 862 2411 nxcun'sus
895 2333 953 2408 11.

412 2536 542 2589 Nocrls
560 2537 633 2588 PER
650 2536 783 2589 COELUM
799 2532 1064 2588 mnnsvacrlo.

228 2704 269 2763 rr,
283 2685 315 2751 8.
329 2687 363 2751 9.
387 2689 441 2749 ‘et
450 2685 521 2770 jam
537 2685 620 2751 Nox
633 2685 768 2750 humida
782 2686 871 2751 coelo
887 2682 1111 2769 Praecipitat!
1154 2684 1188 2751 A
1201 2685 1278 2752 Sciit

184 2806 291 2864 curru,
307 2792 344 2850 ut
357 2786 490 2851 omuino
505 2785 548 2850 dc
566 2785 700 2869 po'dtica
720 2787 784 2851 hac
806 2787 935 2851 ratione
960 2786 1064 2850 semel
1082 2805 1277 2862 moneamus,

182 2887 299 2953 similis
313 2887 424 2970 imago
438 2887 591 2953 traducta
605 2888 648 2952 ad
662 2887 818 2968 Noctem,
830 2893 868 2953 ut
880 2889 911 2952 ei
926 2889 1110 2953 tribuantur
1122 2887 1205 2973 eqni,
1218 2907 1280 2950 cer·

181 3009 244 3068 rur,
274 2988 351 3067 ocis,
381 2987 483 3052 orbito
502 3009 561 3072 per
587 2989 724 3066 coelum,
745 3008 778 3053 v.
803 3008 834 3053 c.
859 2988 918 3054 ini.
943 2989 1090 3066 ιιι-512
1118 2987 1281 3055 ‘necdum

180 3092 292 3156 orbem
306 3092 450 3157 medium
469 3090 553 3155 Nox
567 3090 657 3154 horis
672 3094 748 3153 acta
761 3089 896 3153 subibat
903 3087 923 3153 ι’
944 3104 979 3153 ν.
993 3088 1037 3151 ad
1051 3087 1179 3155 Tibull.
1196 3104 1236 3167 ιι,
1250 3088 1279 3166 l,

177 3193 250 3283 87„
278 3193 396 3277 Itaque
413 3189 485 3254 Nor
495 3190 685 3275 precipitat,
709 3189 771 3252 sub
785 3188 884 3252 finem
907 3188 1065 3253 decursus
1088 3208 1150 3272 per
1164 3189 1281 3254 coelum

179 3293 213 3357 in
229 3312 319 3357 mare
332 3293 518 3372 descendit3
542 3288 816 3375 quemadmodum
840 3288 1016 3372 ‘procedit
1029 3288 1072 3352 ad
1089 3288 1282 3368 Oceanum,’

179 3391 349 3456 ‘medium
365 3393 426 3457 iter
439 3391 557 3476 exegit’
573 3399 607 3457 et
620 3391 754 3469 similia,
771 3393 968 3475 omninoque
982 3389 1025 3454 ad
1046 3391 1132 3455 hauc
1147 3393 1283 3457 formam

178 3492 301 3555 dictum
314 3492 556 3575 accipiendum,
573 3494 601 3556 si
619 3488 692 3554 Noc
705 3491 818 3571 oritur,
829 3492 941 3578 surgit,
955 3491 1051 3569 venit,
1067 3493 1111 3554 ab
1127 3491 1281 3556 Oceano:

177 3593 237 3658 inf.
247 3614 279 3658 v.
296 3593 360 3657 250
376 3595 463 3658 ‘ruit
477 3593 613 3659 Oceano
628 3591 733 3670 Nox,’
745 3592 830 3656 adde
845 3593 943 3658 Iliad.
958 3592 1085 3673 Θ,486;
1099 3600 1134 3657 et
1149 3594 1282 3676 quidem

174 3695 275 3760 modo
290 3697 349 3771 sic,
372 3701 409 3757 ut
433 3697 476 3759 ab
500 3695 633 3760 Oriente
658 3695 740 3758 Nox
755 3697 853 3778 quasi
873 3695 964 3759 Solis
986 3681 1130 3776 vestigia
1143 3700 1279 3780 premat,

175 3797 287 3877 modo,
309 3803 346 3861 ut
369 3796 447 3860 Sole
472 3798 507 3861 in
529 3797 701 3863 Oceanum
727 3795 944 3862 descendente
969 3793 1053 3860 Nox
1066 3795 1111 3859 ab
1124 3795 1191 3861 hac
1205 3797 1280 3880 ipsa

674 3960 783 4017 NOTA.

209 4055 217 4083 ¹
232 4055 310 4104 Nunc
329 4049 406 4101 video
426 4048 459 4096 de
470 4049 599 4100 Macrobii
616 4064 705 4100 errore
746 4051 780 4100 ad
791 4048 936 4120 trypntod.
948 4049 1020 4102 Dina·
1037 4062 1065 4118 ι).
1077 4061 1146 4102 mv
1157 4062 1214 4117 sqq.

176 4129 335 4200 disputatum
349 4128 406 4197 jam
425 4140 482 4178 esre
498 4126 567 4181 aJo.
586 4127 705 4179 Marrick
809 4174 827 4213 Ι
