2692 4974
373 360 425 408 an
446 359 619 411 usurpes
642 362 717 411 ms.
741 363 808 411 vu.
1054 350 1144 419 m

89 524 112 573 o
126 503 288 571 dedimus.
333 496 565 587 Reprehensos
578 510 632 571 est
645 524 667 570 a
680 506 799 589 priscis
819 502 951 571 criticis
964 507 1056 590 apud
1071 509 1147 576 Ser·

89 612 127 673 in
140 607 238 673 locus
251 607 309 671 lib.
327 622 397 684 xu,
411 607 455 672 83
470 608 511 670 de
525 604 630 671 imm
644 609 752 691 equis,
774 607 952 671 ‘Pilumno
966 626 1053 690 quos
1068 610 1147 692 ipss

89 724 140 771 :us
166 705 257 771 dedit
285 705 457 792 Orithyia?
506 706 770 773 Excusationem
797 713 906 773 111111
932 708 1057 791 polites,
1088 712 1148 793 qui

89 824 194 873 noem
207 808 386 892 nympham
400 808 491 871 heroi
508 806 596 871 Italo
604 809 728 893 junxit,
748 807 931 872 habemus
921 828 955 871 m
969 814 1040 873 tots
1051 809 1149 876 tabu-

89 908 206 991 quam
222 909 375 986 instituit,
393 910 529 974 ratione.

89 1006 173 1076 [nter
194 1010 373 1093 Trojanos,
395 1011 552 1094 aquibus
566 1010 712 1093 gentium
726 960 955 1076 Romanarum
968 958 1144 1081 illustrium

89 1111 195 1195 [mem
222 1112 342 1196 repetit
366 1110 481 1196 potito,
506 1117 557 1175 est
579 1114 679 1176 etiam
702 1111 818 1197 Capys
840 1115 899 1179 lib.
926 1131 966 1194 x,
991 1116 1058 1181 145
1082 1117 1148 1185 ‘Et

89 1230 171 1297 pys3
192 1213 271 1279 hinc
296 1231 414 1277 nomeu
440 1212 623 1298 Campanae
649 1215 796 1279 ducitur·
807 1214 906 1279 urbi!
950 1215 1148 1300 Capuama

89 1330 133 1397 ῃ
157 1313 281 1378 dictam
303 1314 446 1379 credidit
471 1315 667 1397 antiquitas:
689 1335 723 1379 v.
751 1334 781 1378 c.
806 1314 881 1380 Liv.
907 1331 959 1393 (ν,
982 1317 1035 1382 37.
1058 1319 1144 1384 conf.

89 1414 139 1481 lus
160 1430 215 1493 xl,
238 1416 293 1480 311.
312 1416 389 1480 299.
432 1415 512 1480 Jam
535 1422 645 1496 autem
671 1435 793 1483 nomen
816 1421 887 1481 erat
908 1417 1034 1482 illustre
1059 1420 1145 1489 inter

89 1532 155 1581 sem
176 1516 322 1600 majores
346 1513 487 1601 Capyis,
514 1523 548 1581 ct
573 1518 656 1581 inter
681 1537 775 1601 reges
803 1516 948 1582 Albanos
974 1520 1079 1585 alius:
1109 1540 1144 1586 v·.

89 1662 92 1679 .
107 1632 160 1696 vt,
174 1617 260 1696 8683
282 1624 316 1683 et
329 1618 413 1698 inter
425 1636 496 1694 cos,
508 1635 592 1699 quos
606 1615 791 1681 adduxerat
805 1617 930 1680 AEneas
944 1618 979 1680 in
995 1617 1141 1699 ltaliam,

89 1734 152 1803 [ηε
163 1738 230 1782 non
244 1724 392 1784 extremo
406 1725 477 1783 erat
489 1720 586 1783 loco:
610 1718 697 1782 coni.
721 1718 780 1781 lib.
807 1735 832 1795 1,
855 1718 931 1784 1⁸7.
953 1719 1145 1801 11,35.1x,

89 1918 252 1987 Reoeusns
280 1924 492 2007 populorum,
533 1924 591 2007 qui
621 1922 751 1988 Latinis
779 1929 936 2008 tanquam
963 1925 1146 1991 auxiliares

89 2020 145 2087 »ie
171 2023 309 2106 ascripti
334 2030 421 2101 sunt,
444 2026 527 2088 inter
545 2025 830 2088 elaboratissimos
843 2023 954 2106 po'dtae
969 2026 1142 2091 locos-cst.

89 2122 219 2187 wilatis
232 2127 354 2201 tamen,
377 2143 477 2207 quam
490 2122 603 2201 habet,
618 2124 768 2187 maxima
779 2143 860 2207 pars
875 2143 896 2187 a
910 2125 1032 2188 sabulis
1047 2123 1144 2188 Grae-

109 2222 210 2288 ducta
232 2232 293 2290 est.
339 2224 466 2290 Vcrum
480 2245 543 2289 ucc
557 2225 631 2308 ejus
649 2225 784 2303 omnino
798 2224 867 2287 ulla
880 2225 963 2287 ratio
977 2224 1070 2288 reddi
1084 2243 1145 2307 po·

89 2323 190 2401 t,nisi
204 2329 317 2388 teneas
331 2325 406 2401 hoc,
423 2343 536 2388 omnes
547 2322 687 2406 populos,
708 2323 762 2408 qui
777 2343 846 2384 cum
863 2320 1016 2385 Tumoio
1032 2320 1146 2388 Latini

89 2421 176 2486 tibur
188 2433 272 2500 sunt,
290 2421 403 2487 Graeca
419 2423 539 2508 origine
558 2432 641 2485 ortos
654 2424 752 2502 ferri3
776 2421 884 2486 AEneae
910 2431 1027 2490 contm
1048 2424 1144 2490 socios

89 2521 241 2609 liprisco
265 2524 383 2612 origine
406 2523 543 2588 Italico..
580 2523 659 2601 Qua
680 2524 722 2588 de
746 2542 780 2587 re
807 2543 878 2607 seq.
906 2523 1049 2590 Excurs.
1073 2543 1143 2592 vm

89 2634 162 2692 m
421 2649 425 2657 .

89 2723 284 2793 Estscilicet
304 2730 378 2813 ejus
401 2730 542 2810 artificii,
558 2730 648 2815 quod
669 2728 770 2793 modo
792 2731 1021 2812 exposuimus,
1044 2751 1143 2815 argu·

89 2830 256 2892 ntum‘vix
272 2831 362 2894 aliud
379 2831 539 2895 illustrius
553 2830 705 2915 quamde
723 2827 829 2891 Tortw
845 2833 1000 2910 narratio,
1010 2833 1144 2915 quaudo

89 2925 169 2993 alem
183 2929 214 2992 is
227 2930 308 2993 inter
322 2931 498 3013 primarios
514 2929 666 2993 AEneidis
680 2929 795 2994 herotis
812 2937 873 3007 est,
889 2932 1039 3016 adeoque
1052 2953 1144 3016 meg-

89 3046 113 3093 u
124 3029 282 3094 carminis
301 3036 428 3113 partem
444 3030 487 3093 ad
502 3031 574 3112 ejus
588 3046 708 3092 nomen
722 3035 755 3092 et
768 3048 941 3110 personam
956 3051 1144 3097 accommo-

89 3132 270 3195 tlnecesse
295 3132 369 3196 fuit.
416 3131 537 3195 Fuisse
562 3130 603 3194 de
625 3148 666 3192 eo
689 3130 821 3192 fabulas
843 3130 1044 3203 domesticas
1066 3151 1144 3197 con·

89 3246 137 3295 se
156 3230 256 3308 licet3
289 3237 322 3296 et
345 3232 449 3297 multo
471 3232 576 3313 magis
597 3230 709 3293 liceret
732 3250 775 3293 ex
797 3235 930 3312 patera,
956 3232 1057 3314 vulgo
1082 3253 1144 3316 pro

89 3350 181 3399 rusca
202 3333 333 3411 habitae,
359 3334 394 3397 in
418 3333 539 3398 Museo
557 3332 683 3396 Vannii
706 3330 908 3409 Cortonenti,
935 3339 1145 3416 argumetum

89 3433 205 3497 scetes
234 3434 318 3499 enim
343 3435 441 3499 clava
465 3435 572 3498 virum
596 3433 781 3518 prosternit,
806 3434 962 3517 ascriptis
984 3435 1144 3502 vocibus:

89 3548 203 3599 acts.
219 3551 363 3601 ravan.
385 3537 487 3601 modo
508 3536 624 3601 litterae
646 3555 711 3623 pon
733 3541 846 3599 essent
867 3537 1021 3602 obscurae
1035 3542 1070 3602 et
1084 3556 1144 3603 cx·

89 3642 137 3701 toe.
182 3633 308 3701 Verum
328 3636 380 3701 his
404 3638 528 3701 relictis
551 3656 648 3700 omne
673 3637 777 3703 Turni
796 3655 913 3700 nomen
927 3638 971 3702 ad
992 3637 1145 3718 Graecas,

89 3754 116 3803 n
139 3735 182 3800 de
209 3755 250 3800 eo
275 3738 475 3816 ferebantur,
500 3738 632 3802 tabulas
655 3740 825 3802 revocavit
852 3737 962 3803 Maro.
986 3738 1145 3822 Dumque

89 3856 125 3905 so
140 3836 274 3905 Graecae
290 3840 412 3905 fabulae
435 3843 535 3904 semel
557 3841 590 3902 in
611 3839 757 3903 Turnum
780 3846 893 3904 esseut
906 3841 1086 3919 translatae,
1100 3839 1145 3904 sd

89 3938 160 4007 tos
176 3941 261 4004 alias
275 3941 444 4025 patefacta
457 3948 510 4006 est
521 3942 608 4006 hoc
599 3961 675 4025 ipso
689 3943 746 4004 via
760 3948 793 4005 ct
807 3940 928 4006 aditus

89 4034 187 4147 Μ
202 4042 316 4126 itaque
331 4043 490 4124 originem
505 4041 607 4127 poe'tc
626 4060 648 4105 1
673 4038 797 4120 Danai,
812 4041 936 4108 Acrisii
949 4042 1035 4124 regis
1048 4036 1146 4121 Argi·

89 4136 155 4211 inm
179 4142 263 4224 tilia,
286 4143 401 4209 Persei
423 4149 538 4223 matre,
559 4143 709 4229 repetiit:
729 4142 878 4209 tabulam
897 4142 1066 4226 vulgarem
1092 4159 1131 4205 se
