2664 4686
182 289 271 358 tato
482 264 486 271 ¹
605 270 812 352 nxcunsos‘
831 301 884 349 ιν.
905 340 909 347 .

44 514 48 521 ,
168 449 287 517 'mam
312 450 516 534 eandemque
542 449 736 532 speluncam
763 453 912 531 spectare
939 438 1109 522 uidentur,
1139 466 1217 531 qnae
1241 454 1283 513 est
1326 514 1329 537 Ξ

185 550 329 628 Baiana,
355 571 455 635 quam
469 571 555 615 nunc
571 551 750 635 appellant,
776 550 933 633 quoniam
946 564 1065 612 versus
1078 550 1188 614 Baius
1202 571 1282 635 speo-

186 660 244 721 tat.
289 652 363 717 Nec
377 654 483 737 probo
499 650 652 727 Paolum,
676 652 740 733 qui.
755 651 948 715 descensum
968 650 1188 734 quidemper
1200 652 1281 730 lenc,

186 775 283 820 sacra
296 763 406 818 autem
421 756 464 818 ad
480 757 608 818 tertiam
621 753 826 836 speluncam,
845 748 1032 828 Cumanum,
1048 751 1141 816 facta
1156 770 1227 818 essa
1243 758 1280 831 (r.

147 844 153 855 ’
186 856 265 933 287)
289 854 468 929 contendit.
514 855 644 919 Baiana
663 854 722 918 illa
742 854 912 936 superiore
928 852 1036 917 adhuc
1052 853 1280 920 saeculomulto

186 954 384 1041 profundius
413 961 447 1019 et
468 955 569 1020 latius
600 956 663 1018 iter
689 954 873 1037 praebuisse
895 952 1037 1031 videtur,
1062 954 1096 1018 si
1132 953 1278 1021 Munna

184 1057 222 1137 (l.
250 1076 283 1120 c.
308 1077 340 1122 o.
355 1058 411 1135 15)
424 1063 458 1121 et
489 1055 644 1120 Mormile
671 1053 818 1132 (Antiolr.
846 1055 882 1119 di
897 1054 1068 1120 Poazuolo
1100 1077 1134 1122 c.
1150 1058 1278 1136 loreia

186 1165 328 1224 narrant.

613 1488 885 1502 -tt-——u—

514 1733 859 1813 EXCURSUS
899 1735 970 1810 lv.

441 1943 494 1993 DE
509 1942 623 1993 AENEAE
639 1941 796 1994 ACCESSU
814 1942 865 1992 ΑΙ)
884 1939 1047 1992 mantem.

234 2089 383 2153 ‘AEneas
397 2108 441 2152 ex
456 2087 572 2153 Sicilia
585 2108 643 2172 per
655 2087 860 2172 'Tyrrhenum
876 2087 973 2152 Mare
989 2086 1174 2171 profectus,
1193 2087 1278 2175 print

189 2190 235 2256 ad
250 2190 383 2256 Italiam
399 2192 542 2275 appulsu
554 2200 681 2274 portam
698 2188 889 2254 Palinurum
905 2191 1017 2268 subiit,
1040 2191 1098 2274 qui
1122 2213 1143 2253 a
1166 2184 1280 2276 quadan
1301 2258 1305 2269 ,

192 2294 297 2361 AErreae
310 2292 514 2377 gubernatore
528 2294 576 2357 ibi
592 2294 746 2358 defuncto
757 2312 875 2356 nomen
888 2293 1063 2375 accepisse
1077 2291 1198 2358 fertur!
1210 2292 1281 2358 Hoc

190 2395 377 2479 Dionysius
399 2416 442 2460 cx
463 2397 627 2460 communi
643 2397 838 2478 scriptorum
859 2396 1043 2458 narratione
1066 2395 1169 2458 tradit
1191 2396 1244 2459 lib.
1264 2409 1284 2468 1,
1327 2470 1329 2483 Ι

190 2497 245 2561 53.
290 2497 453 2580 Virgilius
474 2519 535 2562 nec
557 2499 642 2561 hanc
667 2496 766 2561 famae
793 2497 914 2560 veteris
941 2494 1041 2559 fidem
1067 2496 1286 2578 praemisa
1327 2504 1329 2509 '

189 2616 232 2662 ue
255 2604 366 2662 tumen
388 2598 606 2680 frequentiore
630 2599 790 2682 appulsus
814 2597 1124 2661 commemoratione
1141 2598 1286 2663 molestus

189 2705 278 2760 esset
292 2698 417 2774 lectori,
433 2699 571 2761 alterum
586 2697 629 2760 ad
644 2696 769 2761 Cumas
782 2716 953 2761 accessum
968 2697 1090 2778 attigit,
1106 2697 1288 2765 Palinuron

188 2815 268 2861 vero
293 2799 372 2860 navi
394 2818 573 2862 excussum
589 2799 631 2862 ad
645 2799 736 2863 littus
752 2799 909 2864 Lucaniae
924 2805 1090 2889 aueum,
1113 2801 1176 2865 sed
1191 2821 1214 2865 a
1226 2802 1289 2866 bu·

189 2897 280 2963 baris
305 2901 452 2963 occisum
474 2900 610 2984 piaculo
638 2899 797 2965 finitimos
825 2902 992 2982 obligasse
1019 2909 1144 2968 narrat.
1192 2902 1289 2966 ‘Mox

190 3018 268 3066 vero
283 3001 430 3066 Lucanis
444 3003 632 3087 pestilentia
644 3001 878 3067 laborantibus'
901 3003 1015 3080 (verba
1029 3001 1139 3067 Servii
1160 3010 1240 3069 sunt
1256 2999 1290 3067 td

192 3118 244 3180 vr,
259 3103 338 3180 378)
362 3103 550 3188 ‘respondit
568 3104 747 3180 oraculum,
774 3102 895 3167 Manes
910 3102 1059 3167 Palinuri
1073 3122 1151 3168 csse
1164 3106 1290 3189 placen

191 3205 276 3270 dos:
299 3207 342 3269 ob
358 3226 458 3288 quam
473 3225 543 3268 rem
557 3225 623 3268 non
637 3205 735 3285 longe
759 3223 780 3266 a
803 3203 902 3266 Velia
924 3211 957 3267 et
976 3205 1089 3267 lucum
1112 3210 1147 3269 et
1167 3212 1290 3270 cenota-

191 3307 306 3389 phium
321 3309 351 3369 ei
366 3306 545 3371 dederunt?
588 3307 678 3370 Vide
699 3309 808 3390 ipsum
827 3304 963 3388 poetam
978 3325 1011 3369 v.
1026 3305 1218 3385 aaa-381,
1243 3304 1290 3391 qni

188 3408 290 3470 etiam
317 3407 442 3469 oraculi
465 3407 563 3471 fidem
586 3409 627 3471 de
654 3407 802 3471 Palinuri
831 3426 972 3471 accessu
994 3406 1037 3471 ad
1061 3407 1199 3473 ltaliam
1221 3408 1290 3474 olin

189 3504 270 3569 editi
295 3507 328 3569 in
353 3507 498 3572 fabulam
524 3511 689 3572 assumsit.
747 3509 879 3572 Veliam
908 3505 1041 3586 (Ἐλέαν)
1067 3509 1128 3573 illo
1153 3517 1291 3595 tempore

188 3607 336 3671 nondum
349 3610 465 3687 fuisso,
488 3612 569 3674 bene
585 3613 741 3675 observat
756 3611 890 3675 Servius
904 3611 948 3674 ad
963 3631 996 3677 v.
1010 3611 1078 3675 359
1095 3615 1290 3698 ‘portusque

190 3707 359 3789 Velin0s3'
380 3732 456 3774 nam
482 3713 614 3777 condita
636 3732 677 3776 ea
699 3712 762 3776 fuit
786 3732 807 3775 a
831 3711 1093 3776 Phocaeensibus
1119 3715 1186 3777 sub
1212 3713 1291 3799 cyro

188 3811 347 3896 profugis,
362 3821 399 3876 ut
414 3835 456 3877 ox
472 3815 635 3879 Strabone
648 3816 707 3878 lib.
725 3832 762 3876 iu
777 3834 826 3897 pr.
842 3815 926 3876 satis
942 3820 1083 3892 constat,
1108 3833 1174 3880 nec
1189 3823 1292 3881 tamen

187 3914 356 3997 prolepsis
380 3916 457 3978 talis
479 3924 548 3979 tam
571 3917 717 3980 insolens
742 3920 824 3991 erat,
847 3922 885 3978 ut
905 3917 967 3979 viri
989 3917 1080 3981 docti
1097 3924 1180 4001 post
1193 3936 1294 4002 grum

187 4021 331 4082 maticos
345 4018 434 4102 apud
449 4018 596 4083 Gellium
610 4021 632 4083 l.
655 4039 686 4082 c.
709 4034 748 4094 x,
771 4018 816 4081 16
835 4019 871 4080 in
892 4018 1098 4082 defendendo
1119 4020 1177 4083 vel
1198 4032 1295 4085 acon·

189 4119 293 4184 nando
307 4120 410 4204 poeta
423 4125 550 4186 tantum
564 4139 676 4205 operae
691 4128 812 4205 ponere
826 4120 990 4186 deberent.
1022 4118 1200 4206 Operosus
1214 4139 1295 4207 qno:
