2664 4686
172 317 274 384 ⁴⁰⁶8
560 332 564 337 ·
623 285 823 378 exeussus
844 326 874 376 ι.
902 326 940 339 ··

186 430 410 551 existimaret}
440 474 474 535 et
497 490 542 536 ex
562 469 737 536 -Clemente
760 470 861 537 Alex.
889 486 901 532 1
926 468 1048 536 Strcm.
1062 473 1100 555 p.
1115 472 1293 539 las-nsi

186 580 326 651 consur,
347 592 424 636 oum
447 569 561 656 Trojae
584 578 695 655 captae
709 573 872 656 epocham
895 574 979 636 inter
993 579 1121 639 cooeros
1136 582 1292 640 acorum

99 713 102 716 ·
185 675 365 743 definiisse.
410 673 602 740 laudantur
615 673 732 741 eodem
745 674 822 738 loco
836 673 907 751 alii,
930 673 990 736 sed
1010 674 1203 739 nominihus
1223 682 1290 741 tan·

185 786 254 845 tum
268 780 351 843 noti.
394 775 566 841 Celebrins
579 795 698 841 nomon
711 782 762 840 eat
774 776 930 859 Dionysii
946 774 1084 854 Milesii,
1108 778 1169 860 qui
1184 776 1288 843 Huc·

185 881 266 946 doto
293 881 395 964 paulo
424 880 589 962 antiquior
613 878 860 963 circa01ymp.
889 894 967 942 axv
987 879 1117 944 vixisse
1142 880 1285 959 uelim,

187 979 387 1068 κυκλογρίιφος
415 979 530 1045 Suidae
555 984 590 1044 et
617 980 752 1045 Tzetzae
781 980 903 1056 dictus,
928 998 995 1044 non
1023 978 1185 1065 tan'qnm
1206 982 1285 1066 cycli

185 1085 276 1170 epici
299 1088 426 1161 auctor,
448 1082 538 1164 quod
563 1083 651 1146 male
673 1083 825 1159 traditur,
849 1082 1068 1164 sed-propter
1080 1100 1197 1167 opera,
1218 1100 1282 1167 quo

186 1188 317 1272 cyclum
338 1184 519 1269 mythicum
542 1189 576 1248 et
602 1184 795 1249 historicum
810 1180 1009 1260 efficiebant,
1032 1201 1138 1266 eaque
1157 1183 1196 1247 in
1209 1182 1281 1249 hmo

185 1289 318 1354 modum
332 1286 526 1365 ordinanda,
540 1293 578 1351 ut
592 1287 760 1370 scripserit
774 1284 899 1365 Μυθικὰ,
921 1284 1145 1371 Ἀργοναυτιιὸ,
1165 1294 1281 1376 mista

186 1387 293 1469 βιβλία
306 1387 348 1474 γ’,
371 1395 440 1453 tum
457 1385 570 1451 Κύκλου
596 1388 734 1473 ἱστορικὸν
758 1390 785 1450 ἐν
812 1386 936 1467 βιβλίοις
952 1386 985 1466 ξ’,
1008 1389 1233 1472 sequebantur
1249 1393 1278 1452 sl

187 1494 318 1578 Περσικαὶ
331 1497 364 1554 et
377 1490 507 1555 *andem
520 1492 559 1552 rol
571 1492 646 1571 μετὰ
660 1493 799 1575 siagrium
822 1489 887 1552 nisi
907 1489 974 1553 duo
987 1491 1061 1556 hoec
1075 1510 1178 1556 unum
1191 1491 1280 1557 idon·

187 1614 252 1678 quo
276 1612 361 1675 opus
389 1590 497 1671 fuere3
530 1592 565 1653 in
590 1611 656 1674 quo
681 1592 755 1674 ipso
776 1590 936 1655 hahemus
951 1592 1098 1658 historioe
1117 1592 1279 1659 catholica¹

187 1697 379 1777 scriptorem
395 1694 612 1776 antiquiorem
627 1693 705 1770 illis,
728 1695 787 1776 qui
802 1693 903 1776 vulgo
916 1694 1099 1759 habentur.¹

230 1796 304 1860 Etsi
319 1802 428 1859 autem
448 1814 525 1858 cum
539 1802 722 1879 temporum
736 1796 880 1860 decursu
894 1798 937 1860 ab
953 1797 1100 1881 antiquis
1115 1798 1184 1863 illis
1198 1798 1280 1862 rehu

187 1897 340 1983 mythicis
355 1897 398 1959 ud
414 1898 572 1962 seriorum
585 1903 767 1982 temporum
780 1919 835 1963 res
848 1906 883 1964 et
899 1918 998 1964 casus
1010 1898 1163 1966 historiae
1178 1919 1281 1985 proco·

187 1998 311 2075 dorent,
334 2003 445 2060 tamen
458 2003 494 2063 et
506 1998 676 2081 aequiores
691 2001 866 2084 scriptores
880 2002 925 2064 ab
941 2002 1186 2085 antiquioribus
1200 2002 1284 2067 Gra·

186 2119 299 2165 corum
312 2101 410 2163 rebus
424 2101 492 2163 orsi
505 2100 629 2163 bellum
642 2101 710 2164 fere
723 2102 917 2185 'lhojanum
935 2105 1094 2185 quomam
1108 2106 1153 2168 ab
1169 2125 1211 2169 eo
1221 2103 1286 2169 ino
1329 2126 1331 2147 =

186 2210 330 2287 tompore
344 2203 495 2266 civitates
517 2219 559 2265 ac
578 2221 680 2283 regna
693 2201 838 2269 Graeciae
854 2205 927 2268 sivo
949 2204 993 2268 ad
1016 2211 1144 2269 eornm
1157 2206 1287 2276 sonuum

185 2304 315 2369 inerant
328 2303 507 2386 descripta,
530 2304 601 2368 sive
623 2302 804 2367 futurarum
828 2324 929 2387 opum
952 2306 1060 2389 prima
1083 2305 1289 2390 initiacope

186 2411 269 2483 rant,
291 2407 324 2467 in
339 2404 504 2487 principio
517 2423 653 2486 operum
667 2415 800 2468 suorum
815 2405 916 2468 modo
931 2406 1066 2469 brevius
1080 2407 1182 2471 modo
1204 2407 1289 2491 copia

186 2506 281 2571 osius
304 2505 517 2587 repetebant3
543 2502 633 2585 quod
657 2523 719 2568 nec
743 2504 959 2588 Thucydides
983 2507 1096 2571 facere
1117 2509 1290 2573 recusavit.

188 2605 232 2671 Et
256 2607 291 2668 in
312 2604 409 2680 hunc,
432 2609 525 2685 puto,
547 2621 680 2666 censum
702 2606 839 2670 veniunt
852 2607 1001 2671 nonnulli
1015 2590 1217 2692 scriptores,
1240 2610 1293 2695 qui

186 2706 353 2788 'lhojanas
378 2706 692 2787 res.perscripsisse
718 2707 890 2788 dicuntur3
926 2728 1012 2792 qnos
1040 2711 1075 2774 in
1103 2716 1294 2776 uauscmsu

186 2807 288 2873 modo
317 2825 376 2870 eas
401 2807 515 2870 leviter
541 2808 689 2888 attigisse
717 2810 972 2876 existimandum
1000 2816 1062 2876 ost.
1118 2811 1177 2878 Ita
1205 2811 1294 2897 apud

188 2908 329 2993 Dionys.
350 2908 465 2972 Halic.
494 2925 518 2985 1,
548 2910 592 2973 48
623 2907 833 2975 Menecrates
857 2910 1031 2976 Xanthius
1057 2911 1232 2978 historiam
1252 2914 1294 2979 ab

73 3018 81 3027 “
170 3008 329 3087 1Achillis
352 3010 464 3076 funere
491 3013 684 3095 auspicatus
709 3018 867 3090 narratur,
900 3014 1039 3077 exordio
1063 3033 1198 3097 quoque
1219 3014 1294 3080 librr·

186 3113 355 3197 subject03
379 3133 446 3198 quo
461 3123 571 3178 tamen
585 3115 775 3178 summatim
790 3120 928 3194 tantum,
953 3135 1028 3180 cum
1043 3115 1087 3179 ad
1110 3114 1231 3199 Lyciae
1245 3130 1295 3180 res
1316 3126 1318 3131 ’

186 3218 238 3292 (τὰ
253 3217 401 3292 Δυκιακὰ)
419 3214 634 3297 exponendas
656 3215 713 3279 illo
737 3223 933 3299 properaret,
955 3217 1120 3300 'lhojanas
1145 3235 1201 3280 res
1223 3237 1296 3302 per·

186 3317 316 3380 strictas
329 3317 431 3379 irrisae
445 3315 575 3379 credere
588 3317 677 3382 licet.
715 3317 827 3382 Etiam
842 3316 1073 3395 Callisthenes,
1088 3318 1189 3401 cujus
1202 3317 1295 3411 Graa-

187 3435 237 3481 oae
253 3415 416 3481 Historiae
437 3417 516 3480 olim
531 3416 706 3483 celebratae
722 3419 864 3496 suerunt,
887 3422 931 3484 ab
946 3439 1034 3484 anno
1058 3421 1155 3503 pacis
1180 3418 1296 3488 Anhel-

187 3514 272 3580 cide
288 3516 343 3582 01.
356 3534 491 3596 novur,
513 3519 536 3583 2
557 3518 721 3597 deductae,
742 3521 875 3605 quando
900 3521 942 3585 de
956 3521 1060 3606 Troja
1074 3527 1177 3605 capta
1189 3522 1296 3604 egisse

187 3626 384 3685 memoratur
406 3619 457 3705 (u.
473 3621 586 3687 Schol.
603 3621 753 3706 Euripid.
770 3623 847 3689 vet.
864 3624 955 3707 apud
972 3624 1085 3689 Ursin.
1101 3624 1145 3687 ad
1158 3623 1293 3706 Virg.1l

686 3787 796 3839 NOTA.

220 3913 228 3940 ¹
248 3910 290 3963 ct.
302 3911 335 3963 rd
352 3913 409 3964 hoec
421 3915 506 3965 Notas
520 3916 554 3966 ad
568 3916 721 3981 Apollodor.
764 3916 842 3967 Omni
862 3922 949 3968 tamen
968 3918 1017 3969 hoe
1035 3930 1116 3983 opera
1126 3931 1169 3966 me
1183 3930 1236 3968 nen
1246 3913 1296 3967 ulei

187 4005 213 4052 p.
225 3993 272 4038 921
286 4004 326 4054 sq.
338 3993 387 4038 98⁰
397 4005 435 4054 sq.
458 3991 631 4043 commentat.
646 4007 678 4042 ιι.
687 3992 721 4041 da
761 3993 841 4044 lineas
851 3994 955 4045 duxuae
966 3994 1006 4061 iis,
1021 3995 1065 4060 qni
1082 3994 1109 4046 iu
1124 3993 1183 4045 hnc
1194 4005 1297 4047 mora·

183 4064 301 4115 *scutibru
315 4066 445 4116 historiar.
479 4067 589 4117 Diodori
606 4069 632 4118 in
648 4069 722 4118 eom-
762 4071 814 4119 tius
823 4070 954 4135 inquirere
965 4073 1073 4139 vellent,
1088 4071 1229 4125 obscum
1240 4081 1296 4123 cate

186 4144 340 4194 maruhan.
359 4145 419 4195 Soc.
431 4145 464 4195 R.
475 4143 518 4196 Se.
529 4143 605 4196 Gott.
622 4146 653 4198 ’1.
669 4154 721 4196 vu.
761 4161 812 4198 aaa
824 4146 921 4213 potuit.
