2664 4686
108 306 197 373 4880
433 368 437 375 ,
524 318 726 368 excussus
753 318 812 369 ιιι.

109 474 160 534 ter
170 469 225 532 liic
239 464 507 540 memorabimus,
521 469 568 541 nt,
582 482 661 546 quse
675 461 778 546 poeta
790 467 902 528 noster
913 463 996 528 inde
1013 468 1078 529 ant
1089 468 1209 529 tram

110 570 182 635 lerit
196 574 254 633 aut
275 566 464 644 immutarit,
478 585 545 629 uno
558 565 679 630 haustu
692 567 850 648 cognosci
860 566 984 650 possit.
1034 564 1108 644 Qui
1120 564 1209 631 misr

109 671 202 735 volet
214 689 265 747 ea,
286 689 362 753 quse
378 669 435 731 alii
450 669 585 732 diversa
607 668 823 745 tradiderunt,
837 667 941 732 adeat
964 667 1120 745 Livium,
1139 666 1209 733 Sta·

110 772 242 849 bouem,
260 769 374 834 Aurel.
395 770 581 846 Victorem,
597 771 694 835 alios.
740 769 851 855 Capto
871 770 977 852 igitur
989 788 1040 832 ex
1054 770 1129 833 suis
1140 767 1210 835 ulls

109 873 194 939 foetn
211 880 341 939 ostento
365 878 534 936 nauatam
559 879 621 949 est,
639 873 771 949 AEneee,
792 870 1026 936 incendenda
1041 872 1136 949 urbe,
1149 890 1210 955 qu

110 993 192 1040 mox
206 975 339 1040 Lauinii
362 993 481 1039 nomeu
495 980 674 1056 acceptura
697 980 770 1038 erat
790 971 883 1057 (nam
897 973 942 1036 de
967 974 1037 1037 hac
1054 973 1113 1037 ille
1124 973 1210 1058 loqui·

111 1081 174 1153 tur,
189 1096 256 1140 non
271 1077 313 1140 de
324 1075 453 1159 Troja),
469 1082 646 1158 occupato,
661 1077 892 1158 supervenisse
918 1074 1090 1140 Latinum
1107 1088 1209 1159 regem

112 1178 170 1261 qui
182 1184 253 1242 tum
266 1178 427 1242 adversus
441 1175 586 1240 Rutulos
597 1177 718 1259 ‘copias
732 1175 903 1240 eduxerat.
951 1174 1081 1241 Moniti
1097 1181 1211 1260 unqu

112 1278 319 1364 insequente
332 1285 439 1356 nocte,
453 1278 534 1342 alter
549 1297 571 1343 a
585 1277 784 1355 Penatibus,
800 1278 883 1341 alter
896 1277 940 1342 ab
955 1276 1063 1341 heroi
1079 1276 1210 1361 Indigeu

113 1397 172 1464 per
185 1381 295 1445 visum
309 1381 432 1457 oblato,
447 1398 523 1443 cum
538 1379 610 1442 dies
622 1380 798 1457 illuxisset,
809 1379 922 1444 foedus
935 1380 1027 1444 inter
1041 1382 1082 1444 se
1094 1380 1210 1457 faciml,

115 1481 204 1564 quod
217 1501 319 1568 snpra
342 1485 560 1545 memoratum
574 1484 644 1561 est3
673 1486 744 1544 tum
757 1477 899 1565 TroJ'ani
919 1499 1000 1544 curn
1015 1479 1148 1546 latinis
1158 1479 1213 1545 lul·

114 1580 185 1648 lum
208 1584 368 1649 adversus
387 1581 531 1646 Rutulos
551 1582 724 1663 repetitum
748 1582 842 1646 brevi
864 1581 1069 1663 coniiciunt3
1092 1583 1213 1667 indeqn

114 1687 238 1750 reversi
253 1687 367 1750 urbem
393 1684 582 1760 absolvunt,
599 1682 730 1747 lavinii
751 1685 884 1748 nomine
906 1685 1085 1768 imposito.
1129 1683 1214 1750 Ernst

115 1803 250 1869 quoqne
262 1786 387 1869 templa
400 1792 433 1850 et
457 1785 525 1848 alia
539 1789 735 1848 ornamenta
749 1783 892 1862 lavinii,
916 1804 998 1867 quae
1023 1785 1072 1850 ad
1087 1785 1215 1850 ΕΜ
1253 1826 1255 1839 ·

115 1889 284 1949 auctorem
297 1884 517 1948 referebantur
538 1882 696 1968 (Dionys.
715 1902 739 1962 1,
759 1881 830 1968 64).
875 1884 1060 1953 Hactenus
1073 1885 1215 1972 '1'me

115 1985 199 2050 solis
221 1986 440 2068 imperaverat
452 1982 590 2058 AEneas,
615 1984 676 2046 scd
691 1991 821 2050 mortuo
843 1968 969 2050 latino
982 1988 1021 2051 in
1038 1984 1216 2053 animm

116 2104 255 2170 reguum
277 2086 446 2164 succedit3
468 2084 592 2150 factum
614 2085 678 2148 hoc
705 2086 740 2149 in
754 2086 843 2151 bello
873 2085 1041 2153 adversus
1068 2088 1215 2167 anloe,

116 2189 175 2271 qui
189 2189 307 2254 iterum
321 2207 342 2252 a
356 2187 484 2251 Ietinis
504 2185 691 2250 defecerant
706 2191 842 2251 auctore
855 2185 983 2266 Turno,
999 2187 1150 2269 Amatae,
1163 2190 1218 2255 ls-

118 2288 179 2353 tini
201 2291 329 2367 uxoris,
353 2289 561 2365 consobrino,
585 2295 618 2351 et
642 2288 686 2350 ob
707 2289 841 2370 nuptias
865 2287 1022 2356 Lavinius
1047 2292 1093 2356 ab
1116 2300 1218 2359 extero

116 2390 312 2474 interceptas
331 2392 429 2467 irato,
445 2388 567 2453 Amata
582 2407 713 2471 quoque
730 2389 918 2471 instigante.
964 2388 1024 2455 Ita
1035 2392 1128 2457 bello
1149 2412 1219 2459 oon·

118 2487 198 2552 flato
212 2509 289 2554 acre
311 2492 465 2573 praelium
480 2489 704 2565 commissum,
728 2507 796 2570 quo
812 2489 954 2553 Latinus
966 2495 1003 2554 et
1025 2491 1160 2559 'lirinus
1179 2495 1220 2573 (iu

119 2609 187 2673 quo
216 2593 378 2656 consentit
404 2590 529 2655 lustin.
556 2592 717 2667 xm1r,l,
736 2590 793 2668 ll)
815 2611 891 2655 cum
918 2591 996 2655 aliis
1026 2595 1218 2674 ceciderunt,

119 2691 247 2755 AEneas
261 2700 369 2755 tamen
384 2692 555 2755 victoriam
578 2691 719 2773 adeptus
744 2698 806 2756 est.
852 2693 932 2757 Hoc
951 2701 1037 2774 erat,
1051 2697 1143 2780 quod
1165 2695 1220 2762 Ju-

120 2793 206 2876 piter
220 2790 422 2874 praedixerat
433 2793 491 2854 lib.
508 2809 534 2869 r,
549 2793 614 2857 267
637 2792 793 2856 ‘Bellum
819 2794 934 2877 ingens
950 2804 1041 2878 geret
1054 2798 1156 2864 ltalia
1167 2817 1221 2884 po·

119 2893 282 2978 pulosque
304 2893 429 2957 feroces
443 2892 638 2957 Contundet'
662 2899 724 2957 etc.
770 2894 844 2960 Nec
868 2898 1010 2962 multum
1024 2901 1147 2964 abeam
1173 2898 1220 2964 li·

120 2996 209 3074 vius,
224 2995 355 3073 Strabo,
375 3001 409 3060 et
423 3015 562 3079 quorum
576 2996 684 3078 potior
699 2997 878 3060 auctoritas
892 2996 1063 3078 habenda,
1077 3000 1219 3065 Inuum

122 3099 262 3166 Catulus
276 3099 364 3183 apud
379 3096 507 3162 Victor.
522 3097 563 3159 0.
578 3095 622 3161 G.
638 3095 681 3159 R.
696 3097 749 3160 13.
795 3095 883 3159 Cato
898 3099 990 3181 apud
1005 3099 1158 3165 Servium
1172 3117 1217 3178 ιι,

122 3202 199 3280 620,
214 3203 276 3266 etsi
298 3201 393 3265 locus
416 3203 600 3281 corruptus.
646 3197 847 3281 Dionysium
877 3200 1061 3284 exscripsit
1080 3201 1219 3268 Zonurm

126 3320 179 3366 vn
195 3324 246 3385 pr.

166 3403 251 3467 Cum
276 3409 386 3466 autem
408 3401 535 3465 AEneas
558 3407 637 3484 post
655 3402 765 3466 latini
785 3402 911 3465 obitum
936 3403 1076 3488 aliquod
1098 3412 1215 3490 tempus

123 3507 215 3571 solus
228 3510 409 3588 regnasset,
425 3504 542 3567 iterum
564 3505 759 3569 rebellarunt
774 3503 904 3581 Rutuli,
928 3514 1080 3572 assumto
1093 3509 1128 3572 in
1149 3504 1215 3570 belli

123 3608 316 3672 societatem
346 3606 512 3672 Mezentio
543 3606 756 3671 Etruscorum
782 3626 868 3688 rege.
914 3605 1140 3673 Commissum
1161 3624 1214 3671 nou

124 3707 221 3791 louge
231 3728 253 3773 a
268 3710 408 3774 Lavimo
423 3710 575 3794 praelium
586 3710 629 3773 ad
650 3709 843 3773 Numicium
857 3708 977 3773 flumen
997 3728 1068 3775 nox
1083 3709 1212 3776 duenut

125 3812 329 3878 desideratus
352 3815 490 3890 AEneas,
506 3833 565 3877 sen
585 3813 676 3896 quod
693 3831 804 3877 cassus
818 3832 878 3876 seu
893 3812 983 3896 qnod
998 3813 1133 3878 flumine
1144 3828 1210 3877 rner-

126 3933 184 3978 sus
197 3915 348 3998 perierat,
363 3934 444 3978 mox
469 3934 531 3998 pro
553 3913 664 3991 heroii,
687 3915 791 3996 patris
808 3915 874 3978 Dei
900 3914 1061 3997 Indigetis
1084 3913 1208 3986 nomine,

126 4016 194 4082 coli
207 4017 323 4104 caepit.
368 4013 419 4080 Eo
433 4021 586 4100 spectant
598 4015 675 4079 AEu.
692 4030 717 4092 ι,
731 4015 797 4080 267
813 4035 889 4099 sqq.
913 4016 994 4081 dirue
1010 4015 1153 4084 Didonis
1170 4026 1208 4086 ll,
