2664 4686
401 339 452 388 un
477 334 648 389 uustnos
671 338 743 387 uin.
770 337 834 386 vu.
1081 324 1168 389 4809

86 482 202 565 nonys.
216 481 276 546 lib.
293 496 318 558 t,
333 501 363 545 c.
381 483 436 559 16)
459 487 469 515 ‘
483 502 505 546 a
523 483 655 546 nomine
669 482 800 546 Tiburti
813 481 921 545 fratris
934 487 1014 546 natu
1027 484 1166 548 maximi

86 583 176 649 rbem
204 582 424 648 vocaverunt!
469 583 555 647 Cum
583 584 619 646 in
646 582 818 647 condenda
844 583 924 646 urbo
953 585 1167 648 oonsociasso

86 703 184 768 paras
196 703 274 747 suas
288 684 430 748 serantur
444 685 569 761 fratres,
583 685 660 748 binc
679 684 778 748 modo
796 681 923 747 Tiburti
936 684 1036 748 modo
1053 682 1168 749 Catilli

86 784 169 851 nlius
183 804 299 848 nomen
320 786 356 847 in
369 785 469 848 ‘urbis
492 786 615 866 origine
635 786 808 849 memorari
828 785 923 863 solet,
935 786 995 858 ‘uti
1020 790 1167 853 ‘moenia

86 884 176 951 'sutili'
198 907 243 950 ex
273 885 417 949 Horatio
445 891 523 948 nota
550 891 636 962 sunt,
663 892 696 949 et
719 885 820 949 Silius
846 903 928 964 vm,
950 887 1016 952 366
1049 887 1167 955 ‘Hinc

86 986 178 1065 tour,
203 986 334 1064 Catillo,
358 993 449 1050 tuum
459 986 478 1064 3'
500 986 543 1052 cf.
566 986 663 1050 eund.
687 1004 739 1065 ιν,
764 988 841 1052 225.
900 984 1048 1051 Tiburtus
1070 990 1167 1055 heros

86 1089 161 1157 n’am
178 1086 291 1152 Tiburs
305 1096 339 1153 et
356 1087 512 1151 Tiburnus
527 1088 719 1171 appellatus
731 1089 834 1153 fuisse
848 1090 985 1154 videtin.
1027 1090 1167 1159 Variant
1293 1104 1296 1109 ’

86 1210 129 1257 no
153 1191 229 1254 libri
251 1192 287 1253 in
311 1192 453 1266 nomine,
476 1196 513 1254 ut
537 1190 626 1272 apud
649 1197 797 1255 uostnrm
823 1208 891 1268 vn,-
911 1194 987 1272 671,
1013 1210 1068 1271 xl,
1089 1195 1164 1260 519.

86 1291 226 1359 [liburni
240 1291 359 1356 lucum'
374 1297 461 1355 certe
477 1291 564 1373 apud
580 1291 758 1356 Horatium
772 1293 980 1360 vindicarunt
991 1296 1054 1361 viri
1064 1295 1165 1361 docti,

86 1389 294 1458 autumnum
309 1393 443 1474 agnovit
456 1391 544 1455 haud
567 1391 668 1455 dubie
690 1391 817 1456 Statius
842 1410 853 1455 1
878 1393 971 1478 Sylv.
986 1396 1020 1473 3,
1035 1397 1090 1472 74,
1106 1396 1166 1460 ubi

86 1494 222 1578 riparia
234 1499 361 1558 tanbrm
375 1495 456 1557 inter
473 1489 632 1557 Tiberinus
651 1499 684 1558 et
704 1491 859 1556 Tiburnus
871 1496 1000 1575 variat3
1021 1502 1055 1560 et
1076 1497 1164 1560 idem

86 1592 270 1659 liburnam
285 1593 430 1656 domum'
445 1594 533 1658 dixit
549 1611 591 1657 111
608 1594 701 1677 Sylv.
719 1612 744 1671 1,
762 1595 836 1659 183.
879 1595 1051 1677 Virgilius,
1066 1595 1164 1660 fratre

86 1692 202 1760 'iburto
221 1694 265 1759 ad
284 1695 379 1759 urbis
400 1715 495 1759 novoe
515 1695 707 1778 praesidium
728 1696 856 1774 relicto,
870 1702 998 1760 ceteros
1018 1696 1084 1760 duo
1098 1694 1165 1761 sra-

86 1814 125 1862 es
139 1795 185 1859 ad
198 1796 276 1858 belli
291 1795 484 1858 societatem
499 1795 605 1859 mittit.
652 1795 705 1858 De
719 1795 855 1860 Tiburte
869 1803 1003 1879 egerunt
1016 1798 1164 1881 inprimis

86 1896 192 1963 luvet.
207 1896 242 1958 in
263 1894 339 1958 Ital.
362 1900 441 1970 ant,
465 1894 585 1958 Franc.
611 1894 754 1960 Martius
775 1898 810 1959 in
833 1897 962 1962 Histoi.
977 1898 1163 1976 Tiburtina,-

86 1996 185 2093 ;'Ant.
209 1997 262 2060 del
285 1995 339 2058 Re
361 1996 396 2058 in
418 1994 556 2079 Antiqq.
579 1996 709 2062 Tiburt.
731 1997 1163 2074 (Tom,V111P.1v'lbos.

86 2098 199 2182 ntiqq.
230 2097 332 2179 lui),
360 2102 393 2161 et
421 2117 524 2180 nuper
552 2096 695 2180 Vulpius
729 2099 765 2161 iu
793 2098 870 2164 Vet.
902 2100 999 2164 butio
1025 2099 1164 2182 profano

86 2200 156 2266 um.
171 2216 211 2264 x.

98 2300 156 2367 Do
172 2296 330 2364 Praeneste
343 2320 376 2363 v.
391 2299 457 2365 678
466 2319 540 2382 sqq.
562 2300 709 2363 sabulum
730 2299 834 2382 polita
848 2302 1062 2365 domesticam
1077 2320 1164 2385 prae-

86 2400 145 2481 uit,
165 2402 208 2465 do
230 2400 377 2478 Caeculu
395 2421 470 2465 cum
493 2407 601 2473 ¹tamen
622 2400 664 2464 do
689 2401 762 2485 ejus
784 2404 876 2466 urbis
898 2403 1080 2485 originibus
1096 2420 1164 2467 non

86 2502 167 2569 inm
194 2502 308 2567 sabula
336 2502 539 2567 Graecanica
574 2507 663 2565 esset
701 2501 834 2580 tradita,
863 2523 930 2585 qun
963 2504 1163 2581 Praenestes,

86 2601 194 2689 lyssis
206 2621 323 2685 nepos,
340 2602 450 2666 Latini
465 2602 565 2680 filius,
580 2603 652 2687 ejus
675 2603 766 2666 urbis
786 2609 899 2668 auctor
913 2604 1086 2668 serebatuu.
1130 2601 1164 2666 A

86 2704 224 2788 uagom
254 2705 422 2768 conditum
450 2704 619 2769 Praenesta
653 2724 837 2787 nomenque
868 2706 910 2769 ab
939 2706 1016 2770 ilice
1043 2704 1165 2792 (πρῖνος)

86 2811 202 2893 uotum,
233 2812 429 2870 memoratur
456 2806 490 2868 in
514 2813 694 2888 personato
723 2806 902 2871 Plutarcho
933 2807 1055 2872 Parall.
1070 2814 1163 2871 'exta

86 2924 110 2973 ι
128 2907 219 2971 enim
240 2905 399 2972 ludebant
421 2907 456 2969 hi
475 2907 624 2970 homines
638 2909 671 2970 in
685 2908 882 2973 nominibus.
926 2906 1033 2972 Addit
1055 2913 1164 2993 tamen

86 3006 161 3073 oliuu
176 3007 247 3070 c.2
269 3011 331 3071 ‘ut
353 3007 550 3070 Praenestini
573 3014 692 3069 sonant
712 3007 799 3082 libri,
815 3027 836 3069 a
858 3005 1017 3072 caecula!
1061 3008 1164 3073 Plura

86 3108 287 3177 nPraenesta
307 3108 375 3172 vid.
399 3108 489 3191 apud
512 3106 714 3183 clusoriam,
731 3107 920 3170 Suaresium
942 3108 976 3169 in
996 3107 1162 3172 Praeneste

86 3213 125 3279 nt.
139 3215 173 3275 et
187 3207 351 3292 Vulpium
365 3208 462 3272 Tom.
479 3224 521 3270 rx
539 3206 629 3270 Latii
643 3208 727 3289 pros.
752 3234 756 3239 ·
774 3207 852 3270 Hoc
866 3227 966 3271 unum
989 3208 1104 3272 nescio
1121 3228 1164 3273 an

86 3308 205 3379 »saliis
234 3309 444 3375 observatum
472 3309 527 3387 sit,
551 3307 640 3390 quod
664 3307 877 3372 Praenestinis
895 3309 927 3373 b.
950 3309 972 3373 l.
1000 3307 1163 3388 Gabinos,

86 3412 196 3481 roonis
211 3411 356 3488 accolas,
380 3408 548 3474 Hernicos
571 3415 604 3473 et
625 3408 784 3473 Amaseni
807 3410 954 3488 accolas,
969 3430 1028 3475 seu
1051 3411 1163 3477 socios

86 3512 247 3581 unitioni
262 3511 433 3594 subjectos
445 3511 597 3594 adjungit
612 3511 720 3576 Maro.
741 3574 743 3578 ,
1126 3532 1129 3543 ·
1185 3527 1187 3532 ·

86 3610 154 3683 ¹De
178 3609 307 3675 Junoue
332 3610 461 3676 Gabina
487 3632 521 3677 v.
537 3613 603 3678 682
624 3614 659 3678 in
681 3615 768 3677 notis
791 3613 833 3677 ad
857 3633 887 3677 e.
906 3614 928 3677 l.
952 3613 1076 3678 dictum
1099 3621 1163 3681 est.

86 3715 158 3791 bod
181 3720 290 3778 ‘arva
312 3714 455 3778 limonia
480 3712 634 3778 Gabinae’
658 3719 829 3790 memorat,
854 3715 917 3776 etsi
941 3732 981 3776 ea
1005 3720 1085 3778 nota
1113 3721 1165 3780 est

86 3814 225 3883 aarum
251 3815 286 3878 in
314 3814 521 3897 designandis
547 3814 681 3878 urbibus
704 3814 800 3892 ratio,
825 3819 933 3877 tamen
957 3814 993 3877 id
1022 3813 1163 3896 provido

86 3916 175 3985 u‘sse
197 3915 303 3982 videri
328 3921 449 3998 potest,
474 3919 632 4000 quoniam
653 3917 709 3979 lib.
735 3933 786 3993 vl,
806 3916 872 3981 773
894 3914 1047 3999 (ubivid.
1064 3910 1163 3994 Not.)

86 4016 180 4083 ludios
193 4019 277 4083 inter
290 4018 403 4095 urbes,
419 4038 495 4101 quae
518 4018 576 4083 illo
597 4024 743 4100 tompore
760 4016 905 4082 nondum
919 4021 1022 4092 erant,
1036 4030 1161 4077 memo·

86 4125 195 4187 uorat.
241 4117 394 4187 Ceterum
410 4119 512 4186 etiam
536 4118 659 4186 Gabiis
674 4118 765 4203 origo
779 4116 904 4185 Graeca
915 4113 1074 4198 ascripta,
1088 4129 1160 4181 nar·
