2692 4974
393 312 444 360 in
467 310 639 362 murrinos
663 313 738 363 nin.
762 314 833 363 xii.
1074 297 1164 365 4383

50 463 258 528 Laurentum
271 458 459 544 apponunt:
481 477 623 522 escensu
645 457 738 522 facto
760 457 865 543 Troja
887 477 976 524 nova
998 461 1161 527 munitur:

53 562 169 632 hdus
193 582 271 629 cuni
294 561 415 627 latino
437 563 561 626 factum
582 562 760 645 repentinis
784 562 966 626 animorum
987 561 1164 628 discordiis

47 667 241 750 rmupitrir:
274 665 376 729 oritur
402 665 535 741 bellum,
561 662 651 746 quod
676 663 781 726 Turni
808 663 901 727 caede
926 663 1014 728 iutra
1040 666 1164 730 mensis
1198 661 1202 668 ⁷

50 768 230 834 &cursum
245 766 367 844 finitur,
382 785 416 830 r.
434 767 535 849 paulo
550 772 626 830 anta
641 765 727 831 Exc.
744 783 769 844 i,
779 773 816 831 ut
826 766 913 830 odeo
924 766 1064 850 Trojani
1074 768 1164 833 sedi·

48 871 119 934 bus
132 870 167 932 in
183 867 280 932 lartio
294 868 443 952 acceptis
456 868 498 930 de
512 886 603 931 nova
615 869 696 931 urbe
712 866 863 946 Lavinio,
886 887 930 932 ex
944 869 1070 932 soedere
1084 888 1163 935 con-

49 969 177 1048 denda,
201 971 348 1051 cogitare
365 968 439 1052 jam
466 976 535 1034 tum
556 974 703 1052 possent.
748 968 789 1032 In
814 969 877 1032 hoc
903 969 987 1034 adeo
1012 970 1164 1037 AEineidis

52 1079 287 1155 argumentum
300 1071 433 1134 absolvi
448 1071 601 1135 vidimus.
642 1068 788 1153 Reliqua
801 1088 861 1152 per
874 1069 1029 1154 episodia
1040 1072 1165 1136 inserta
1298 1116 1301 1122 Α

53 1174 188 1257 passim
202 1178 291 1237 sunt.
942 1240 944 1244 ,

186 1293 218 1340 a.
234 1292 266 1338 c.
285 1292 322 1339 u.
338 1276 435 1340 1177.
480 1273 591 1340 Ειιοι.
607 1275 724 1368 AEneoe
738 1275 772 1352 8,
796 1276 840 1339 ab
862 1275 1009 1341 adventu
1034 1274 1069 1341 in
1095 1276 1163 1340 Itu·
1281 1362 1283 1365 ι

283 1428 285 1433 ,
321 1379 402 1442 liam
417 1379 449 1442 2.
1180 1390 1183 1395 '

99 1476 193 1541 Solis
206 1477 360 1563 ijanis
374 1481 514 1562 imperat
528 1479 667 1557 AEneas,
682 1481 726 1544 ad
742 1480 898 1563 Dionysii
912 1488 1053 1547 mentem
1068 1482 1126 1546 lib.
1138 1494 1164 1558 i,

50 1579 113 1646 64.
159 1578 250 1661 Anni
273 1579 438 1645 adventus
460 1580 577 1644 AEneoe
602 1581 638 1644 in
660 1581 792 1644 Italiam
815 1583 859 1663 ab
877 1589 1035 1646 autumno
1048 1583 1092 1645 ad
1106 1601 1166 1646 eu·

33 1689 207 1751 sumnum
221 1679 421 1766 procedunt:
445 1680 596 1762 adeoque
619 1701 725 1744 annus
748 1682 802 1746 hic
826 1702 889 1766 pro
911 1683 1019 1766 primo
1044 1689 1078 1748 et
1104 1700 1166 1767 pro

53 1783 164 1859 altero,
178 1783 364 1868 computari
378 1785 508 1865 potost3
530 1781 590 1857 sed
605 1782 669 1846 hoc
684 1784 821 1847 alterum
836 1785 999 1848 usitatius.

189 1903 221 1950 a.
237 1886 326 1955 trit.
342 1883 440 1948 1176.
456 1901 489 1946 a.
519 1882 680 1946 adventus
694 1884 729 1946 in
747 1884 880 1948 Italiam
893 1885 925 1948 3.

102 1986 238 2053 Bellui!
248 1983 740 2069 lafinnum'rrojmorumque
756 2005 832 2049 cuni
845 1985 992 2053 Rutulis.
1026 1986 1167 2052 Latinus

55 2095 92 2154 et
113 2087 244 2152 'Dirnus
270 2088 305 2150 in
329 2084 447 2170 proelio
472 2085 604 2148 cadunt.
649 2086 776 2149 AEneas
790 2088 883 2151 solus
895 2087 1025 2169 utrique
1038 2088 1166 2171 populo

55 2189 219 2272 imperat:
242 2188 286 2252 ad
300 2192 441 2265 meatem
457 2184 614 2269 Dionysii
627 2188 687 2251 lib.
703 2204 728 2263 1,
744 2189 799 2252 64.
876 2220 881 2229 ·

100 2288 385 2372 duuryirgilius
397 2295 510 2354 noster
531 2306 583 2350 res
605 2287 722 2351 AEneae
741 2287 918 2372 disposuit,
943 2293 1078 2353 secutus
1096 2279 1167 2367 eos,

55 2391 120 2474 qui
131 2390 274 2455 AEneam
288 2389 385 2453 tertio
398 2390 510 2453 statim
524 2406 612 2452 auno
625 2388 723 2451 rebus
736 2389 888 2452 humanis
899 2399 1046 2474 eieptum
1056 2407 1167 2456 narra

57 2497 186 2558 ¹verant.
231 2490 323 2556 Nam
336 2490 393 2554 lib.
409 2507 435 2569 i,
453 2491 628 2556 not-270
650 2488 783 2572 Jupiter
808 2489 928 2553 Veneri
954 2491 1073 2555 AEnesi
1096 2492 1169 2557 ista

57 2610 249 2677 exponens:
272 2590 446 2668 ‘Bellum’
470 2593 529 2668 nit,
555 2593 694 2675 ‘ingens
720 2597 809 2673 geret
834 2592 935 2656 Italia
954 2593 1166 2676 populosque

58 2693 188 2759 feroces
211 2692 409 2771 contundet,
434 2711 610 2776 moresque
624 2693 704 2757 viris
719 2697 751 2756 et
766 2693 893 2756 moenia
911 2702 1031 2777 poiet3
1054 2692 1169 2759 Tertia

60 2795 141 2860 diuu
164 2793 263 2858 Iratio
285 2800 477 2876 regnantem
501 2793 619 2859 viderit
647 2798 760 2871 aestas,
785 2793 958 2878 Ternaque
985 2794 1169 2860 transierint

57 2895 198 2961 Rutulis
222 2895 370 2980 hyberna
392 2896 562 2973 subactis,'
586 2892 675 2978 quod
690 2897 822 2961 scilicet
833 2897 939 2979 primo
953 2898 1067 2961 statim
1081 2913 1168 2960 anno

59 3003 133 3062 erut
146 2996 281 3061 factum.
325 2995 368 3060 Et
381 3015 422 3061 eo
436 3003 588 3079 spectant
601 2995 682 3058 dirae
700 2995 845 3059 Didonis
858 2997 916 3059 iib.
934 2998 1170 3074 nois-oto

61 3105 145 3187 ‘nec
170 3117 248 3162 cuin
270 3118 308 3163 se
330 3101 393 3162 sub
416 3100 505 3180 leges
525 3099 621 3181 pacis
634 3098 760 3180 iniquae
773 3096 973 3174 Tradiderit,
997 3115 1095 3179 regno
1109 3103 1169 3161 aut

62 3205 181 3284 optate
194 3200 268 3263 luce
282 3199 419 3265 fruatur.
465 3201 532 3264 Sed
558 3199 660 3263 cadat
682 3205 757 3263 ante
778 3199 864 3262 dicm
886 3197 1061 3282 mediaque
1076 3198 1169 3261 inlin-

61 3307 172 3366 inatus
187 3301 307 3364 arena?
343 3302 433 3366 Heec
448 3301 490 3364 de
505 3301 642 3366 triennio
658 3301 776 3364 AEneae
792 3301 827 3363 in
842 3299 944 3364 ltalia
958 3303 1079 3364 exacto
1093 3318 1169 3363 nar·

61 3405 148 3469 ratio
161 3401 293 3467 videtur
305 3404 383 3468 hinc
397 3404 628 3487 vulgatissima
643 3404 724 3466 inter
739 3409 866 3468 ceteras
883 3402 986 3467 iacta.
1031 3400 1170 3465 Orosius

63 3522 192 3589 quoqne
208 3520 233 3582 1,
249 3504 304 3582 18,
320 3506 448 3583 AEneae,
466 3511 476 3538 ‘
489 3505 602 3588 qualia
611 3525 670 3588 per
682 3506 852 3570 triennium
863 3502 1170 3580 bellaexcitaverit,

62 3613 207 3690 quantis
221 3606 363 3689 populos
378 3607 589 3690 implicuerit,
605 3606 684 3671 odio
692 3606 896 3715 pxcidioque
911 3605 1081 3681 afflixerit,
1099 3603 1171 3668 ludi

63 3707 200 3772 literam
215 3707 395 3791 disciplina
404 3715 528 3773 nostrie
540 3726 674 3791 quoque
685 3709 855 3771 memoriae
867 3707 1012 3770 inustum
1023 3705 1096 3784 est,'
1110 3705 1173 3782 ait,

65 3807 206 3891 Virgilii,
227 3810 261 3873 in
284 3811 411 3874 scholis
437 3809 681 3892 praelectionem
703 3813 738 3871 et
751 3809 1051 3890 interpretationem
1067 3805 1172 3889 respi-

67 3910 156 3974 ciens
170 3910 229 3974 iilo
244 3910 353 3975 adhuc
369 3930 456 3989 aevo,
472 3912 562 3995 quod
577 3911 653 3974 hinc
668 3910 839 3987 discimus,
856 3910 926 3973 tieri
940 3909 1083 3973 solitam.

67 3996 71 4004 ¹
108 4011 213 4097 Apud
237 4014 440 4097 antiquiores
463 4019 574 4080 tamen
594 4013 770 4096 scriptores
792 4019 828 4076 et
848 4008 1116 4092 chronographos
1129 4007 1173 4071 de

68 4132 165 4194 aimo,
187 4132 256 4200 quo
271 4115 399 4180 AEneas
414 4115 567 4195 decessit,
588 4115 718 4181 diverse
732 4114 910 4182 admodum
926 4110 1082 4177 nauium
1096 4108 1173 4176 tuit.
