2664 4686
194 302 283 374 tata
622 314 823 367 nxcuasns
847 317 873 366 r.

194 463 273 533 curn
294 460 355 528 nec'
377 462 501 528 nostris
531 461 651 526 animis
672 461 772 527 facile
794 462 849 539 sit,
876 460 1009 545 quoties
1038 463 1271 547 nnmenoogla
1322 439 1325 482 ²

194 587 282 643 mus,
297 584 318 629 a
332 564 444 647 specie
465 563 600 628 hnmani
613 563 681 627 oris
695 567 833 626 mentem
848 579 1001 639 avocare,
1028 568 1108 627 turn
1121 562 1272 628 mulum

192 669 246 750 gis
273 665 404 730 rudium
432 665 601 729 hominum
623 664 743 728 animis
768 662 890 728 insidet
911 662 1049 747 species
1075 664 1222 728 numinis
1242 663 1280 729 ti

193 786 263 853 qna
276 772 310 832 et
321 766 427 831 forma
440 768 592 831 hnmanae
607 766 741 845 similis3
762 785 825 829 nec
837 764 933 828 aliter
942 763 978 827 id
990 762 1069 828 lieri
1083 765 1281 847 poteritne
1323 848 1325 861 ⁴

194 890 293 955 quam
308 869 460 933 subtilior
473 866 689 951 philosophia
699 865 929 949 cogitationem
939 864 983 928 de
998 863 1083 929 Deo
1098 865 1146 929 ad
1157 870 1281 946 matu,
1323 872 1325 883 ⁴

193 974 277 1049 Νοῦν,
299 969 465 1034 avocavit.
510 966 659 1032 Neoesse
681 966 767 1030 adeo
790 966 864 1043 suit,
889 970 927 1029 nt
946 964 1081 1031 divinae
1102 972 1227 1034 nature
1242 968 1282 1033 tri
1323 954 1325 1034 f

192 1072 369 1137 buerentnr
392 1090 443 1148 ea,
469 1088 546 1152 quae
572 1074 698 1132 naturae
722 1068 879 1131 hnmanae
904 1068 1106 1132 communia
1126 1073 1217 1133 sinit:

193 1173 284 1257 qnod
298 1174 425 1257 majora
438 1188 500 1254 pro
512 1174 639 1234 naturae
661 1167 814 1233 humanae
837 1168 972 1232 modulo
985 1185 1067 1231 esse
1081 1168 1281 1235 credebutn.
1323 1206 1325 1211 ·

193 1273 363 1338 Conseurtit
389 1274 424 1336 in
450 1272 513 1335 hoc
541 1271 648 1335 omnis
671 1276 831 1347 vetustas,
857 1271 953 1333 etiam
976 1267 1282 1351 pah'iarclnrnnret

192 1373 347 1440 induce
373 1375 500 1456 gentis3
530 1374 694 1437 consentit
717 1373 826 1435 omnis
852 1371 1072 1435 barbarorum
1100 1390 1144 1436 ac
1165 1370 1282 1435 imm

193 1476 393 1560 populorum
405 1475 523 1557 stirps3
546 1473 623 1555 ipsa
636 1473 757 1535 mentis
779 1472 933 1536 hnmanae
951 1471 1185 1537 imbecillitas.
1222 1470 1282 1536 an

193 1578 303 1661 prouti
328 1577 419 1640 cultu
444 1575 648 1657 ingeniorum
669 1579 728 1637 aut
743 1574 844 1650 nullo,
865 1578 924 1636 aut
936 1571 1066 1655 aliquo,
1083 1577 1147 1637 ant
1159 1571 1283 1657 eanis'a

192 1677 275 1739 tiore
290 1677 423 1741 imbutae
437 1680 513 1739 sunt
532 1681 656 1756 gentes,
681 1675 739 1738 Dii
764 1679 822 1737 aut
843 1673 972 1748 robore,
987 1677 1047 1736 aut
1061 1675 1245 1755 sagacitate
1259 1678 1284 1735 et

191 1775 376 1857 prudentia,
392 1780 451 1838 ant
467 1775 587 1857 opibus
601 1779 634 1837 et
646 1775 793 1858 potentia
815 1774 1014 1837 excellentes
1037 1779 1230 1854 occurrunt3
1245 1771 1284 1837 ita

191 1872 236 1937 ad
257 1892 327 1938 suae
340 1880 466 1936 naturae
490 1873 660 1936 modulum
674 1875 766 1956 fingit
783 1894 901 1938 numen
919 1874 1064 1938 humana
1086 1895 1200 1957 mens3
1218 1893 1284 1959 que

192 1992 258 2057 qne
271 1991 313 2036 ea
326 1974 403 2055 ipsa
416 1971 593 2056 perfectior
605 1978 638 2036 et
652 1974 774 2040 divinae
796 1974 934 2038 similior
956 1974 1143 2059 aliquando
1156 1977 1217 2042 erit
1225 1974 1284 2041 red·

108 2076 110 2079 ’
192 2074 274 2151 dita,
288 2093 329 2137 eo
343 2074 471 2136 veriora
493 2078 527 2136 et
549 2073 699 2155 digniora
718 2073 864 2155 Numine
889 2075 1065 2157 cogitabit·
1110 2076 1285 2147 Secmdum

190 2175 264 2242 haec
289 2174 389 2239 facile
411 2180 461 2237 est
485 2173 527 2237 ad
552 2174 808 2255 intelligendum,
823 2174 979 2258 quamdiu
1000 2178 1158 2259 speciem
1179 2176 1283 2242 dirue

189 2283 317 2341 naturae
341 2275 384 2339 ad
411 2275 587 2339 humanam
613 2275 844 2358 attemperavit
867 2276 1061 2359 antiquitas,
1086 2279 1123 2342 ei
1145 2277 1283 2342 debuisse

190 2378 375 2459 opinionem
395 2378 436 2439 de
462 2379 615 2452 ocbursu,
631 2376 840 2460 apparitione
860 2381 893 2440 et
914 2378 1137 2444 contubernio
1152 2379 1282 2445 Deorum

189 2477 385 2541 familiarem
399 2496 490 2557 esse3
512 2479 660 2562 inprimis
675 2498 751 2542 cum
772 2478 857 2544 locis
874 2478 971 2557 adeo,
984 2480 1081 2545 terris
1092 2487 1131 2545 et
1150 2482 1283 2557 urbibus,

191 2578 285 2642 Deos
308 2597 388 2641 suos
409 2578 564 2641 tutelares
593 2579 809 2659 assignarent.
864 2578 1016 2644 Imbuere
1041 2582 1111 2645 ista
1141 2583 1283 2666 opinione

189 2678 356 2742 hominum
370 2679 497 2740 animos
511 2680 615 2742 multo
629 2684 734 2762 magis
749 2680 863 2746 debuit
876 2681 1019 2747 solitudo
1029 2685 1116 2748 ruris
1131 2704 1174 2749 ao
1188 2685 1283 2769 syrn-

188 2796 275 2855 rum3
296 2778 380 2838 raris
393 2776 559 2841 hominum
575 2782 782 2844 commerciis
805 2787 841 2845 et
862 2780 1063 2848 advenarum
1083 2786 1281 2850 accessibus:
1323 2778 1325 2803 '

125 2888 128 2893 ’
186 2881 425 2961 potueruntque
439 2875 528 2941 credi
545 2877 691 2941 Deorum
706 2883 839 2962 species
853 2885 961 2946 oculis
974 2885 1131 2967 objectae,
1147 2884 1282 2970 inprims
1323 2942 1325 2949 .

186 2979 365 3054 hominum,
380 2980 438 3060 qui
459 2979 613 3062 religioso
638 2987 727 3045 metu
750 2988 948 3063 tenerentu13
971 2983 1014 3048 cs.
1034 2983 1161 3070 Odyss.
1177 2992 1215 3064 lt,
1228 2985 1279 3051 201

187 3099 264 3166 sqq.
324 3079 525 3163 Opinionem
552 3082 642 3145 illam
672 3092 846 3166 acceptam
882 3086 1012 3150 retinuit
1040 3090 1280 3168 posteritas,et

186 3182 286 3262 vulgo
300 3188 433 3244 namata
446 3185 480 3245 in
494 3183 686 3246 miraculum
702 3186 806 3248 auxit.
851 3183 963 3263 Quidl
986 3187 1078 3271 quod
1099 3190 1173 3274 ipse
1186 3206 1279 3255 sermo

186 3282 355 3347 hominnm
370 3281 498 3345 rudium
512 3283 637 3349 nullam
651 3284 762 3363 aliam,
777 3286 841 3349 nisi
854 3289 897 3349 ab
912 3288 1084 3352 oculorum
1096 3309 1196 3356 sensu
1208 3290 1277 3376 peti-

186 3388 265 3460 tam,
278 3385 422 3465 speciem
449 3382 596 3447 Deorum
617 3386 787 3451 admittere
812 3389 936 3471 potuit;
960 3390 1117 3476 quodque
1132 3394 1276 3475 uvalgr-

185 3504 252 3548 rem
266 3486 472 3567 loquentium
487 3508 583 3551 nsum
597 3509 794 3555 conversum
811 3493 874 3557 hoc
890 3493 963 3571 fuit,
977 3498 1024 3570 nt,
1041 3496 1202 3580 quicquid
1214 3512 1276 3560 ere·

184 3586 275 3649 nisse
289 3587 400 3653 dicere
414 3589 547 3666 vellent,
572 3611 592 3654 a
617 3593 692 3657 Deo
714 3594 839 3658 factum
861 3601 895 3658 et
912 3600 1086 3677 peractum
1112 3614 1188 3663 esse
1201 3598 1275 3663 dice

185 3694 273 3768 rent3
297 3693 387 3772 quod
410 3693 535 3756 nemini
557 3713 622 3758 non
649 3696 682 3758 in
708 3696 849 3759 Homeri
874 3697 1015 3761 lectione
1035 3698 1088 3762 vel
1110 3715 1276 3783 pancorum

184 3808 337 3855 versuum
359 3812 528 3857 occurrere
551 3794 675 3860 debuit.
720 3796 815 3860 Nihil
841 3798 874 3860 in
896 3797 950 3861 his
971 3817 1045 3862 esse
1068 3799 1181 3878 video,
1203 3793 1279 3884 qnod

183 3897 252 3955 tam
274 3893 391 3956 mirum
417 3896 520 3960 videri
546 3896 676 3971 debeat,
704 3898 871 3979 quomodo
900 3899 935 3961 in
960 3898 1135 3962 hominum
1163 3903 1280 3965 animos

182 3996 322 4075 venerit3
354 3995 413 4058 sed
426 3997 589 4078 probabili
604 4000 714 4081 aliquo
732 3996 864 4081 judicio
878 4000 1030 4063 humanis
1049 4001 1192 4082 ingeniis
1211 4000 1290 4066 insi‘

183 4092 260 4157 dere
274 4115 316 4159 ea
330 4098 443 4179 opinio
459 4097 579 4179 ubique
593 4104 626 4161 et
637 4099 727 4162 omni
743 4104 892 4182 tempore
911 4101 1036 4179 debuit,
1056 4108 1092 4167 et
1114 4103 1225 4168 adhuc
1238 4103 1286 4166 in·

183 4190 268 4257 sidet
291 4195 439 4262 barbaris
462 4198 610 4281 populis,
625 4203 786 4284 quotquot
800 4199 924 4269 divinae
948 4207 1075 4269 natura
1097 4202 1206 4271 forma
1228 4205 1283 4271 hu·
