2664 4686
107 300 197 369 42⁰4
495 311 694 362 excursus
723 312 765 361 ir.

111 461 263 544 Antiqq.)
276 463 311 522 et
325 457 491 523 coloribus
504 456 617 522 vivide
635 455 764 521 reddita
784 457 829 520 ab
849 455 903 522 Ill.
917 456 1008 542 qu
1022 458 1067 524 de
1083 459 1195 528 Hamil·

109 571 169 631 ton
190 563 226 626 in
249 560 390 644 Campis
414 557 595 641 Phlegraeis
617 557 713 622 Tom.
738 575 764 635 i,
790 559 859 624 tab.
887 575 976 624 xvii
1000 581 1078 646 sqq.
1121 562 1196 628 Neu

109 665 200 729 illam
223 662 504 745 chorographiam,
520 681 595 744 quae
618 662 654 723 in
678 659 840 725 Marcella
861 666 895 725 et
911 663 992 726 hinc
1019 663 1112 747 apud
1130 665 1198 729 allus

110 765 324 848 conspicitur,
347 763 502 827 nonnulla
515 782 635 846 pamm
655 765 811 826 accurate
831 760 997 827 delineata
1015 763 1198 831 babeam

109 866 209 931 facile
234 865 492 950 deprehenditur.
544 864 712 928 Procurrit
737 866 821 928 inter
843 863 1006 929 Puteolos
1030 872 1068 930 et
1091 864 1199 931 cm

110 974 268 1050 angustus
282 988 360 1049 ager
372 968 407 1030 in
418 966 675 1050 promontorium
700 965 865 1029 Misenum
882 965 1052 1031 desinens.
1096 967 1200 1031 Paeo

109 1070 186 1134 lano
201 1089 229 1134 s.
245 1070 376 1133 Baiano
386 1068 473 1132 sinui
487 1069 634 1132 imminet
647 1068 742 1133 lacus
754 1065 920 1143 Avernus,
932 1067 1089 1151 adeoque
1100 1067 1198 1133 (lunii

109 1171 165 1237 ille
187 1192 209 1235 a
230 1180 321 1256 tergo
345 1175 439 1236 situs.
486 1170 605 1235 Facies
629 1172 723 1234 lacus
748 1188 836 1233 nunc
849 1167 985 1251 quidem
1004 1170 1088 1234 talis
1103 1175 1199 1248 estut

110 1275 324 1340 circumcirca
337 1274 422 1338 colle
436 1271 552 1338 leviter
565 1273 685 1337 acclivi
705 1277 749 1349 et,
772 1276 892 1355 preter
903 1289 979 1335 eain
992 1276 1133 1355 partem,
1146 1290 1199 1354 qna

111 1374 155 1438 ad
166 1394 256 1439 mare
269 1374 379 1460 (sirius
398 1370 535 1457 Baiani)
549 1378 747 1457 prospectus
768 1378 872 1455 patet,
887 1371 955 1435 sere
969 1380 1131 1456 perpetuo
1143 1391 1198 1435 am·

109 1476 218 1540 hiente
241 1479 276 1541 in
298 1477 411 1540 orbem
435 1475 491 1538 ille
505 1473 705 1538 rotundetur.
750 1472 938 1537 Studiorum
951 1474 1099 1556 quinque
1113 1473 1199 1538 anilii-

110 1576 260 1660 tumjam
275 1576 354 1640 olim
370 1574 540 1640 Diodorus
561 1574 665 1655 edidit
679 1575 739 1638 lih.
756 1591 852 1650 iV,‚c.
867 1575 922 1638 22.
967 1572 1199 1639 Altitudineesl

29 1730 36 1743 .
111 1678 155 1740 ad
170 1694 376 1741 ccxxxviii
392 1683 426 1741 et
442 1693 557 1740 ccciii
579 1697 700 1760 passus
713 1675 910 1762 (secundum
932 1676 1163 1741 Mazzehaml.
1175 1693 1198 1739 c.

110 1797 141 1841 c.
166 1777 236 1862 15),
260 1787 356 1844 aucta
382 1780 463 1843 olim
488 1781 523 1842 in
541 1781 748 1843 immensum:
780 1778 848 1842 vid.
869 1778 1010 1842 Diodor.
1035 1778 1061 1844 l.
1084 1799 1114 1842 c.
1134 1777 1199 1843 add.

110 1877 250 1944 Aristot.
272 1879 393 1944 ltlirab.
409 1878 523 1944 Audit.
549 1900 627 1963 pag.
642 1879 709 1945 727
726 1897 759 1944 n.
774 1880 826 1944 ed.
847 1879 892 1943 dn
905 1878 998 1944 Vall.
1025 1880 1201 1945 decresoeie

111 1987 281 2047 tamenet
307 1987 493 2064 temporum
523 1983 809 2046 vicissitudinibus
836 1982 985 2046 imminui
1013 1981 1076 2046 illa
1099 1981 1201 2066 potuit

112 2084 236 2164 colles,
252 2087 310 2170 qui
325 2087 484 2165 ambiunt,
505 2084 602 2170 sylva
625 2086 705 2150 olim
729 2086 906 2150 inaccessa
928 2085 1052 2149 consiti
1067 2080 1203 2150 eiautad

110 2187 279 2252 convalles
303 2186 501 2265 decurrente,
521 2192 554 2252 et
573 2187 608 2251 hi
631 2191 705 2250 sunt
728 2182 792 2248 laci
809 2184 930 2249 Averni
949 2189 1017 2264 (vi,
1039 2184 1203 2252 118188.

109 2288 199 2367 201),
229 2290 264 2353 iii
292 2290 414 2372 quihus
439 2309 548 2355 aureae
573 2288 701 2352 frondis
725 2289 824 2352 arbor
850 2287 900 2371 (v.
928 2288 993 2353 138
1017 2308 1096 2373 sqq.
1124 2285 1203 2370 lffi).

112 2388 249 2472 Sylvam
261 2392 464 2470 immensam,
479 2393 657 2477 Ὀμβριμοῦς
671 2386 762 2463 ἄλσος
776 2387 886 2463 οὔὸαἶας
901 2388 1002 2477 Κόρης,
1015 2391 1206 2476 Lycoplmll

110 2489 175 2555 698
190 2511 323 2576 quoque
338 2500 506 2571 memorat,
522 2500 557 2557 et
570 2492 674 2556 multo
696 2491 851 2556 disertius
864 2491 1051 2581 Homerus:
1077 2490 1127 2554 M
1141 2488 1205 2566 ἇκτῆ

111 2616 142 2654 τε
165 2591 276 2675 λάχεια
302 2595 349 2656 nal
373 2591 469 2657 ἄλσεα
496 2592 704 2679 Περσεφονείης,
728 2592 849 2680 Μακραῐ
870 2595 896 2656 τ’
923 2590 1043 2679 αἴγειροι
1070 2594 1122 2657 καὶ
1146 2590 1206 2656 trie

111 2691 311 2778 ὠλισίκαρπω.
340 2694 525 2778 Cupressos
539 2675 719 2761 altissimas
733 2698 908 2761 etiamnum
920 2696 1033 2761 lacum
1046 2694 1208 2761 Avernmn

111 2794 280 2875 cingentes
293 2795 517 2859 tristissimam
539 2797 614 2860 loco
637 2797 757 2862 faciem
780 2796 922 2882 adjicere
941 2798 1069 2861 narrari
1083 2796 1209 2862 videos

114 2893 273 2959 Flachato
287 2894 546 2979 (Observations
561 2899 661 2962 suile
676 2898 867 2962 Commerce
879 2903 913 2962 et
927 2917 983 2961 sur
1005 2898 1057 2962 les
1079 2897 1160 2963 Arta
1171 2896 1208 2963 Τ.

114 3013 138 3073 i,
153 3017 188 3081 p.
204 2997 291 3076 111),
307 2999 370 3063 etsi
383 2999 426 3061 ab
444 2997 540 3063 Italis
553 3001 633 3064 nihil
653 3000 720 3064 tale
734 3000 830 3084 prodi
845 3001 989 3064 memini.
1035 2999 1091 3064 Ita
1105 3005 1207 3065 tamen

112 3097 289 3164 Petronius
310 3107 437 3165 naturae
462 3102 631 3167 veritatem
659 3103 865 3185 expressisse
892 3101 997 3167 videri
1025 3102 1134 3181 dehet,
1158 3099 1208 3186 qul

111 3221 197 3265 saxa
212 3203 330 3266 ‘ferali
345 3205 633 3269 circumtumulata
646 3202 814 3287 cupressu’
827 3209 945 3267 narrat.
990 3203 1096 3269 Sacer
1107 3209 1208 3270 antem

110 3302 208 3365 lucus
220 3302 277 3365 ille
293 3302 435 3368 Hecatae
451 3307 496 3382 (v.
512 3302 571 3389 13)
585 3325 644 3369 seu
668 3305 892 3389 Proserpinae,
907 3311 944 3373 ut
965 3305 1140 3371 Homerus
1153 3307 1207 3371 aitt

112 3402 299 3483 promiscue
312 3404 398 3466 enim
412 3405 446 3467 iii
460 3406 560 3468 rebus
574 3405 685 3470 inferis
701 3405 843 3483 Hecate,
859 3406 1074 3490 Proserpina,
1091 3407 1206 3482 Diana,

113 3500 210 3580 Luna
231 3504 392 3567 nominari
410 3506 506 3570 solet.
551 3504 761 3590 Proserpinae
786 3525 913 3570 sacram
937 3505 1097 3590 paludem
1111 3505 1208 3571 Aver-

111 3622 187 3666 nam
201 3605 316 3670 videas
329 3607 419 3689 apud
435 3605 574 3671 Diodor.
596 3624 648 3685 ir,
662 3608 717 3684 22,
742 3612 775 3670 et
795 3607 909 3690 templi
933 3606 1080 3673 Hecatae
1103 3610 1209 3673 ruinas

112 3723 185 3769 csse
208 3726 278 3783 eas,
293 3727 376 3789 quas
399 3708 499 3788 vulgo
522 3705 689 3791 Apollinis
709 3709 810 3784 aiunt,
834 3707 878 3770 ad
903 3704 1073 3772 Avernum
1093 3709 1210 3785 lacum,

110 3827 177 3873 non
199 3809 285 3871 male
307 3809 472 3891 conjectat
497 3807 625 3873 Paolus
648 3809 706 3872 sol.
732 3825 875 3872 xxviii.
919 3806 987 3872 Sed
1009 3809 1119 3893 sylvae
1141 3810 1211 3876 isia

112 3910 275 3974 inclusum
301 3910 385 3973 aeris
401 3911 510 3974 lacum
533 3910 718 3994 pestilentia
740 3911 934 3990 infecerant3
956 3910 1021 3973 etsi
1038 3910 1109 3994 ipsi
1124 3916 1213 3977 antro

112 4013 352 4076 exhalationem
376 4011 490 4075 tribuit
512 4011 671 4094 Virgilius
697 4009 766 4094 (vi,
795 4007 985 4093 237—241)
1012 4015 1045 4075 et
1074 4012 1215 4077 imitator

112 4110 179 4177 loci
193 4112 389 4195 Petronius3
412 4113 502 4196 quod
516 4118 551 4179 et
563 4114 675 4196 ipsum
693 4112 853 4180 accedero
874 4112 981 4200 potuit
1000 4111 1045 4178 ad
1065 4114 1212 4191 alterum,
