2664 4686
367 351 416 399 sn
437 348 610 401 suurnos
633 349 708 401 nra.
730 348 798 400 vu.
1047 332 1138 403 m

92 492 168 575 ulte,
196 493 233 558 in
246 493 364 578 primis
379 492 616 573 Romnum,
642 512 664 558 a
677 493 846 559 nominum
857 491 1069 558 similitudine
1080 495 1137 560 vei

92 598 124 663 io
146 595 331 679 significatu
355 597 470 679 pctitae
493 600 581 673 sunt,
602 595 743 678 ingeniis
763 594 930 659 bominum
951 594 1137 675 agrestibus

92 697 212 764 ncultis
223 698 257 761 in
271 697 313 761 iis
326 695 394 761 iere
408 697 452 761 ad
464 696 595 780 majora
609 716 646 761 se
659 696 867 761 acuentibus.
900 695 956 761 Ita
969 695 1011 759 de
1027 694 1136 761 bieln-

92 816 106 865 ι
119 798 270 863 fabulam
284 799 367 863 satis
379 797 595 882 probabiliter
607 797 817 880 auspicentur
835 795 899 862 riri
918 795 1008 860 docti
1021 802 1137 864 natam

92 918 165 965 rex
178 900 442 984 aequivocatione
455 898 550 965 vocis
565 896 703 965 Celtice
720 895 836 976 Melus,
859 916 936 982 qum
954 915 1090 963 suavem
1103 904 1138 964 et

92 1001 211 1067 ubitam
223 1006 326 1081 notat,
340 1008 375 1067 et
388 1001 523 1067 alterius
535 999 631 1066 vocis
644 1020 692 1064 me
707 1006 741 1066 et
755 995 853 1077 laren,
868 1016 944 1083 que
958 992 1070 1065 media
1081 1000 1137 1067 mi

92 1109 324 1189 {usurpantem
346 1123 420 1171 esse
441 1100 615 1186 significat.
660 1101 715 1167 Ne
738 1108 847 1169 tumen
868 1099 976 1167 simile
999 1099 1081 1182 quid
1101 1100 1139 1167 in

92 1204 627 1291 miiconjecturalocumhaboat,
650 1204 819 1284 fecithoc,
845 1201 935 1288 quod
958 1206 1073 1278 resim
1087 1204 1137 1269 in·

92 1307 234 1392 pistoria
248 1328 352 1392 opera
364 1307 592 1392 exquisitioris
615 1308 696 1373 artis
719 1308 860 1384 inerunt,
884 1324 962 1389 qum
983 1305 1067 1371 adeo
1090 1306 1136 1375 ab

92 1407 163 1474 ride
175 1410 371 1493 antiquitate
385 1408 494 1474 aliem
507 1413 593 1486 sunt,
607 1427 681 1485 nec,
707 1407 874 1491 quomodo
893 1407 1069 1473 historicus
1082 1426 1136 1475 res

92 1507 195 1594 panes
207 1529 388 1595 exponens,
412 1530 490 1575 curn
514 1510 556 1575 de
578 1512 722 1594 panibus
745 1508 922 1577 dicendum
940 1513 1040 1587 esset,
1063 1508 1138 1593 ple·

92 1612 283 1677 memneris
291 1612 596 1678 inrmueetnomiuis
606 1613 769 1697 subjicere
777 1610 1138 1695 potueritintclligitur.

92 1715 155 1777 tem
176 1712 241 1777 hoc
265 1713 443 1779 dicendum
465 1718 547 1792 erat,
575 1714 680 1780 fuisse
706 1714 791 1778 sorte
820 1719 964 1780 ruerem
991 1711 1136 1796 aliquem

92 1812 202 1891 imo
223 1815 293 1898 φὶ,
318 1812 409 1899 quod
422 1813 533 1899 poete
547 1814 637 1892 licet,
651 1814 711 1879 ubi
725 1813 851 1880 oraculi
868 1812 956 1881 illius
970 1812 1024 1877 vel
1037 1828 1136 1879 sven-
1234 1854 1237 1859 -

92 1915 310 1994 meminisset,
319 1935 380 2000 pro
394 1935 482 2001 pane
491 1916 546 1985 rel
555 1917 721 2000 placenta,
732 1936 808 2000 quae
818 1915 939 2001 priscis
948 1914 1138 1981 bominibus

101 2033 194 2100 pm
206 2020 288 2094 ortt,
301 2036 402 2099 genus
415 2017 614 2102 exquisitius
628 2016 747 2096 σελήνας
760 2024 819 2084 aut
832 2014 973 2103 τραπίζας
986 2015 1137 2094 σεληναίας

92 2122 183 2199 aret3
203 2119 267 2183 ersi
279 2120 333 2185 vel
347 2119 398 2185 sic
414 2120 484 2186 alia
496 2118 673 2186 difficultas
687 2128 808 2199 manet,
820 2120 911 2204 quod
925 2138 989 2184 non
1000 2121 1137 2194 σιληναῖα

92 2221 194 2283 ruins
219 2218 277 2283 ille
299 2219 399 2298 dicta,
424 2219 485 2288 scd
505 2218 666 2298 baritum.
712 2221 831 2306 Neque
845 2227 956 2287 autem
970 2222 1136 2304 improbe·

112 2317 164 2396 iit,
188 2319 290 2386 etiem
315 2322 386 2386 sine
410 2316 650 2389 vocabulorum
673 2325 790 2390 sonire
814 2322 932 2389 fraude
955 2322 999 2388 ad
1021 2322 1136 2407 apium

92 2438 130 2487 es
144 2439 205 2488 seu
218 2422 392 2506 placentes
415 2423 534 2489 deduci
557 2425 719 2508 potuisse.
764 2422 835 2489 Fac
857 2424 963 2489 fuisse
978 2424 1135 2507 aliquem,

92 2570 96 2597 ‚
118 2540 198 2589 cunr
211 2524 382 2590 oraculum
396 2527 530 2590 omnino
544 2527 802 2609 pronuntiasset,
827 2524 924 2592 sedes
946 2526 1017 2591 sore
1031 2545 1073 2593 eo
1086 2526 1137 2590 lo·

95 2643 166 2708 quo
179 2643 310 2691 mensas
324 2632 436 2693 essent
449 2627 631 2694 ebsumturi
645 2626 796 2715 T¹⁰jfflb
811 2634 869 2693 sut
883 2646 959 2695 cum
973 2629 1020 2696 rei
1035 2646 1135 2693 even·

109 2743 180 2791 non
194 2727 361 2793 declarate
374 2729 456 2795 sutis
470 2730 598 2794 ratione
612 2749 654 2795 ac
674 2718 787 2810 modo,
811 2735 960 2796 nanetus
974 2735 1074 2809 esset,
1097 2736 1135 2797 ut

92 2827 280 2911 yoophrone
292 2828 416 2895 facturn
430 2827 546 2897 rideas
560 2850 593 2895 v.
609 2831 837 2908 lew-1253,
862 2830 1026 2897 deductos
1050 2829 1135 2897 Tro-

92 2944 127 2993 ss
150 2927 187 2991 in
211 2928 344 2994 ltaliam
369 2934 403 2995 et
427 2931 577 2995 inberbe
591 2932 787 2996 recubantes
800 2932 980 3009 exhiberet,
1003 2936 1042 2997 ut
1055 2931 1135 2997 Vir·

92 3044 124 3093 ra
138 3026 235 3108 secit3
258 3029 373 3113 quidni
386 3051 446 3114 pro
460 3031 583 3097 mensis
597 3030 722 3095 dederit
742 3031 861 3095 herbas
883 3033 970 3095 cibis
990 3033 1136 3099 substra-

92 3126 105 3191 i
127 3146 269 3211 cumque
283 3149 341 3197 eas
353 3131 447 3215 ipsas
461 3136 571 3196 essent
585 3131 774 3209 comesturi,
800 3149 901 3214 genus
924 3132 991 3196 telo
1011 3152 1135 3216 ponere

92 3226 152 3307 nit,
175 3229 267 3312 quod
286 3230 381 3297 sdnle
403 3236 494 3296 esset
512 3233 595 3297 etin
610 3231 731 3295 talibus
744 3230 831 3295 locis
845 3230 1007 3315 frequens.
1050 3232 1135 3299 Tale

92 3331 263 3413 mapium
275 3350 360 3411 esse,
381 3352 478 3397 nemo
492 3332 591 3398 facile
605 3333 745 3416 ignorat,
770 3333 838 3397 nisi
860 3333 962 3399 verba
985 3333 1069 3399 sorte
1093 3352 1134 3400 ac

92 3447 130 3497 us
144 3429 271 3496 discere
285 3452 326 3497 ac
343 3439 452 3498 tenere
476 3433 683 3498 consueverit
703 3435 837 3498 notione
858 3434 949 3499 nulle
969 3434 1133 3519 subjecta.

92 3550 120 3595 ur
134 3531 386 3599 condonandum
400 3542 452 3599 est
465 3536 528 3601 viri
542 3533 729 3601 doctissimi
744 3537 920 3618 elegantius
943 3535 1033 3621 quod
1053 3537 1137 3605 inter

92 3650 140 3699 n
161 3634 295 3715 posuit:
319 3635 492 3702 ‘Vidistin
511 3640 691 3722 quicquam
712 3639 875 3704 indoctius
890 3644 948 3703 aut
960 3639 1136 3706 ridiculum

92 3733 159 3815 gisi
187 3734 354 3819 'I'rojanos
380 3757 442 3820 pro
465 3741 589 3803 mensis
613 3741 720 3823 apium
742 3740 945 3818 adhibuisse,
973 3746 1135 3826 atqueeo

92 3836 179 3921 ique,
203 3857 297 3902 more
320 3837 512 3919 Asinorum,
535 3843 629 3908 vesci
644 3840 815 3927 potuisse.’
860 3840 940 3906 Non
965 3860 1135 3927 assequor,
1177 3824 1184 3839 ¹

92 3936 107 4005 i
133 3938 189 4007 iile
212 3938 255 4003 de
281 3939 345 4006 bec
369 3942 482 4024 planta
507 3944 665 4009 statuerit.
717 3942 791 4007 Etsi
815 3944 903 4008 eninr
926 3944 996 4026 apii
1016 3960 1134 4009 nomen

92 4056 127 4104 na
151 4047 257 4124 patet,
289 4048 322 4106 et
351 4043 510 4111 incertum
545 4051 608 4124 est,
645 4044 745 4128 quale
769 4046 839 4128 apii
867 4063 970 4128 genus
997 4052 1134 4107 ueterum

92 4160 134 4207 rur
153 4144 208 4225 sit,
231 4163 310 4210 cum
339 4142 398 4210 alii
426 4164 502 4213 curu
530 4144 709 4213 Mattbiolo
730 4142 952 4231 petroselinum
977 4147 1134 4225 coebum,
