2664 4686
426 343 477 394 an
500 343 671 395 nnnrnos
709 345 782 395 ern.
806 345 845 392 x.
1097 327 1185 397 4867
1252 367 1257 381 ·

80 472 311 573 {perturbasseh
352 485 488 551 Mature
516 496 628 551 autern
659 508 736 552 cum
766 488 928 554 Romanis
955 485 1122 554 Caeretani
1148 485 1184 554 in

80 590 262 656 amicitiam
275 595 309 654 et
323 590 514 655 societatem
536 610 665 681 venere,
688 592 793 656 sacris
808 595 840 653 ct
854 588 1089 667 sacerdotibus,
1105 610 1183 655 curn

80 686 170 757 Galli
191 691 412 769 advenissent,
428 693 587 775 receptis:
614 693 680 756 vid.
697 693 772 756 Liv.
785 711 822 769 n,
844 694 898 757 40.
913 694 967 756 50.
1012 691 1053 754 In
1068 693 1185 760 civita«

80 796 144 889 ham
164 812 297 876 quoque
319 796 455 877 ascripti
479 804 566 870 sunt,
595 796 659 859 etsi
681 795 753 858 sine
773 793 943 875 suffragio.
1002 791 1182 869 Caeretanis

80 896 236 961 metente
260 893 413 978 adjunxit
437 895 537 977 po'eta
563 897 713 960 civitates
735 897 811 960 loco
842 896 983 972 vicinas,
1006 895 1183 979 plerasque

80 994 249 1063 literalem
263 994 403 1060 Etruriae
419 999 584 1080 regionem
598 1000 787 1073 incolentes,
800 1017 880 1061 nam
897 998 1085 1081 longinquis
1098 997 1182 1062 locis

80 1098 194 1180 ropias
215 1115 376 1160 arcessere
395 1118 461 1161 non
482 1101 607 1180 potuit;
641 1100 746 1183 potuit
769 1101 851 1162 alias
876 1117 1008 1181 quoque
1035 1098 1182 1162 rationes

80 1205 237 1282 motare,
252 1218 337 1280 quas
360 1199 394 1262 in
417 1202 518 1264 tantis
538 1201 686 1265 historiae
710 1201 920 1264 Ehrrscornm
934 1199 1074 1263 tenebris
1089 1218 1178 1264 nunc

80 1315 269 1381 gnoremus
315 1299 401 1363 Illud
415 1308 525 1365 tamen
537 1303 591 1365 vel
604 1303 750 1366 maxime
764 1303 873 1377 miror,
885 1301 975 1385 quod
989 1301 1081 1364 nulla
1098 1297 1178 1379 (Jor-¹

80 1406 163 1476 'ona
177 1419 237 1464 seu
255 1398 386 1485 Corythi
401 1403 530 1479 veteris,
553 1404 676 1466 mentio
697 1403 786 1467 facta
807 1407 869 1478 est,
887 1399 962 1466 cum
985 1401 1059 1466 inde
1081 1401 1179 1484 origi-

80 1520 150 1568 nem
163 1504 288 1568 trahere
303 1504 413 1569 dictus
428 1512 514 1568 esset
528 1506 716 1584 Dardanus
730 1508 792 1572 etsi
806 1506 919 1571 Acron
934 1506 1009 1569 inde
1024 1505 1180 1569 oriundus

80 1603 130 1668 ns.
146 1620 187 1682 ιι,
211 1606 276 1670 719
298 1614 505 1671 memoratur.
549 1606 617 1670 Sed
640 1609 668 1670 si
690 1615 777 1672 recte
798 1609 951 1690 conjicio,
967 1626 1042 1670 cum
1057 1603 1180 1688 Agylla

80 1724 133 1770 ren
146 1704 241 1770 Caere
250 1713 346 1772 vetus
363 1707 578 1790 Pelasgorum
593 1712 672 1772 urbs
683 1715 782 1786 essct,
797 1711 831 1773 in
845 1710 1038 1773 societatem
1051 1708 1178 1791 ascrip-

80 1804 116 1872 rit
128 1807 232 1890 potita
245 1808 331 1872 alias
345 1809 509 1886 civitates,
526 1827 610 1892 quas
625 1809 759 1891 Pelasgi
775 1810 981 1874 inhabitasse
995 1808 1076 1873 dicti
1091 1814 1178 1873 sunt.

80 1908 213 1993 Dionys.
239 1926 263 1986 ι,
289 1912 343 1987 20,
367 1911 424 1992 qui
449 1911 611 1975 classicus
639 1911 734 1974 locus
761 1917 825 1987 est,
849 1910 970 1973 multas
995 1929 1055 1973 eos
1078 1908 1178 1974 urbes

80 2012 191 2076 mrtim
206 2008 328 2075 Siculis
347 2018 487 2095 ereptas,
504 2014 625 2095 partim
648 2032 670 2078 a
690 2032 727 2076 se
741 2017 919 2087 extructas,
939 2011 1107 2074 habitasse
1127 2010 1177 2073 ait

80 2115 288 2177 nnnmnniter
309 2133 385 2177 cnm
399 2112 647 2196 Aboriginibus,
670 2133 709 2177 eo
732 2113 768 2177 in
788 2130 922 2176 numero
935 2129 1009 2173 esse
1040 2108 1174 2187 ‘Caere

80 2210 198 2291 Pisum,
214 2213 400 2278 Saturniam
414 2221 448 2279 et
461 2217 545 2278 alias
561 2215 724 2299 quasdam
742 2215 854 2290 urbes,
877 2232 962 2296 quas
984 2211 1080 2293 ipsis,
1095 2214 1176 2276 tern-

80 2313 160 2378 roris
173 2332 358 2397 progressu,
369 2314 503 2379 Etrusci
518 2314 722 2399 eripuerunt.’
765 2315 908 2378 Potuere
928 2331 1004 2395 ergo
1018 2311 1103 2376 inter
1116 2329 1176 2375 eas

80 2413 180 2491 ubba,
193 2434 278 2497 quas
293 2413 427 2496 Pelasgi
450 2421 591 2493 tonnae,
606 2421 641 2480 et
655 2417 722 2480 illae
743 2435 829 2493 esse,
844 2434 930 2498 qnas
949 2412 1051 2496 poeta
1063 2431 1175 2476 recen·

80 2514 147 2580 hit.
192 2514 283 2580 Nam
308 2515 425 2593 VeioS,
451 2517 614 2595 Falerios,
641 2516 842 2600 Tarquinios
865 2535 932 2579 non
956 2507 1041 2578 bene
1065 2499 1175 2596 potuit

80 2615 256 2702 ldjungerc,
272 2604 395 2702 quippe
411 2617 586 2700 aliquando
602 2617 764 2681 Romanis
779 2616 915 2680 infestos
928 2616 1068 2680 suanos.
1103 2613 1174 2678 Ne·

80 2734 132 2802 {ne
145 2721 257 2803 potuit
271 2712 314 2782 ad
329 2719 427 2807 urbes
440 2727 595 2797 remotas,
616 2720 761 2804 maxime
783 2739 825 2782 ex
846 2718 1054 2782 interioribus
1068 2716 1173 2793 terris,

80 2820 237 2900 uogredi:
260 2820 427 2904 quomodo
443 2822 528 2884 enim
541 2822 577 2886 in
602 2828 670 2886 tam
692 2821 784 2886 brevi
800 2828 947 2903 tempore
965 2820 1073 2902 copiae
1096 2817 1173 2883 indo

80 2918 145 2984 luci
159 2921 357 3003 potuissent!
393 2920 441 2985 At
452 2923 597 2989 navibus
610 2943 629 2986 e
644 2922 816 2987 maritimis
833 2922 1025 2985 civitatibus
1048 2919 1173 2983 arcessi

80 3026 228 3087 lotemut.

110 3117 265 3199 Clusium,
290 3122 425 3187 Camers
448 3124 502 3187 rel
526 3121 664 3186 Camars
687 3122 767 3184 olim
792 3120 929 3197 dictum,
955 3120 1037 3183 inter
1051 3121 1171 3186 AEueae

80 3223 195 3287 milia
216 3223 299 3287 bene
313 3223 424 3288 referri
447 3226 565 3307 potuit,
581 3221 848 3305 quandoquidem
869 3223 902 3284 in
923 3221 1117 3285 societatem
1138 3228 1172 3286 et

80 3323 280 3388 micitiama
297 3324 459 3389 Romanis
473 3331 640 3407 receptum
656 3323 830 3389 Gallomm
846 3342 937 3387 arma
952 3323 985 3385 in
999 3322 1171 3389 Romanos

80 3427 196 3490 uertit:
217 3418 294 3490 Irin
316 3446 347 3503 v,
363 3428 407 3491 uo
422 3448 473 3514 sq.
508 3427 587 3491 Erat
600 3430 680 3490 urbs
703 3428 941 3509 antiquissima,
958 3445 1025 3508 qua
1038 3423 1171 3491 Etrusci

80 3522 208 3590 Imbros
222 3527 398 3611 ejecerant;
421 3526 464 3591 de
478 3536 591 3612 quaet
606 3528 691 3602 aliis,
706 3547 781 3611 qnae
796 3535 987 3610 sequuntur,
1003 3529 1072 3608 egit
1083 3546 1170 3593 nunc

80 3628 199 3692 ‚ootiss
219 3627 325 3692 Lanzi
346 3629 486 3713 (Saggio
506 3630 541 3695 di
564 3629 692 3711 Lingua
714 3629 856 3694 Etrusca
876 3628 970 3692 Tom.
993 3627 1050 3711 ιι)
1072 3623 1169 3706 Corn,

80 3725 116 3792 el
131 3725 234 3805 Cosa,
251 3729 295 3792 ad
307 3748 398 3794 mare
413 3749 516 3813 snpra
532 3728 689 3795 Herculis
702 3736 834 3815 portum
848 3731 934 3806 siue,
958 3735 966 3762 ‘
984 3727 1075 3797 Cosa
1086 3727 1171 3792 Vol·

80 3826 225 3893 tmuum’
247 3829 358 3894 Plinio
381 3830 480 3896 dictae
504 3831 562 3894 lib.
581 3847 638 3908 ιιι,
664 3832 697 3906 5,
722 3831 755 3910 8,
778 3850 799 3893 a
817 3826 918 3892 Volcis
932 3829 1169 3895 videmmesse

80 3924 227 4009 aunem
251 3930 423 4013 antiquum
436 3931 471 3995 id
485 3929 547 3996 luit
560 3930 702 4002 Etruriae
717 3931 889 4014 oppidum,
905 3932 988 3999 sorte
1000 3929 1168 4010 adipsum

80 4024 213 4097 turim
238 4031 397 4113 originem
419 4033 540 4110 robrlit,
569 4036 631 4101 ant·
648 4033 711 4098 nub
734 4029 944 4099 Clusinorum
969 4032 1167 4115 potemur
1293 4040 1296 4049 '

80 4126 234 4198 thome
256 4139 342 4198 certe
364 4152 408 4198 ex
431 4134 483 4201 hie
510 4154 608 4202 unum
631 4153 751 4218 agmen
769 4129 1112 4200 mnuaumvidenus
1133 4130 1167 4199 in
1295 4191 1299 4196 .
