2664 4686
385 356 624 411 ennunroos
642 356 795 411 nrnrrrr.
1051 346 1142 417 41OE

80 508 154 578 unte
175 508 248 573 flet
268 507 425 588 tanquam
449 506 588 589 captiva
611 502 867 589 Neoptolemum
881 522 941 569 seu
954 502 1138 591 Pyrrhum:

80 606 134 691 [os
147 622 275 670 errores
287 605 378 669 varie
391 606 504 671 traditi
519 612 607 697 sunt,
631 626 655 672 a
666 606 835 691 plerisque
850 605 910 684 ita,
933 610 971 671 nt
981 608 1138 673 maritimi

80 706 166 791 rat,
188 705 233 769 eh
246 704 323 769 aliis
341 708 486 772 terrestri
501 708 636 773 itinere:
658 709 722 773 hoc
748 708 888 772 alterum
910 714 1044 773 secutus
1067 717 1138 775 erat

80 810 155 879 utor
174 801 296 868 Νόστων
322 806 502 872 seomdnm
527 807 703 874 Proclum:
736 806 932 890 Νεοπτόλεμος
958 810 997 887 δὲ,
1028 808 1139 886 Θότιδος

80 904 209 989 ῌης,
232 910 300 995 τιζῇ
312 910 431 973 metirer
445 911 495 987 τὴν
508 909 631 998 soprius,
653 911 701 973 καὶ
722 909 945 998 ταςιιγινόμινος
968 914 1005 986 εἰς
1026 910 1139 999 Θρᾴκην

80 1006 182 1073 breda
205 1009 426 1092 καταλαμβάνει
449 1012 476 1075 tr
498 1016 535 1098 τῇ
558 1011 720 1099 Μαρωνείᾳ,
745 1013 794 1076 καὶ
817 1018 851 1077 τὸ
873 1013 968 1077 λοιπὸν
992 1011 1065 1077 ἆιυίι
1089 1019 1139 1092 τῆς

80 1114 109 1193 ὓ,
131 1112 183 1175 ul
203 1113 413 1192 umrn‘yrme
434 1112 553 1178 colesea
566 1114 673 1178 θάπτει·
699 1116 783 1190 αὐτὸς
797 1114 825 1178 di
839 1118 877 1190 εἰς
891 1116 1058 1191 Μολοσσοὺς
1070 1119 1139 1195 ἄφι-

80 1236 151 1287 ures
162 1212 382 1301 beyeopidmr
394 1218 496 1292 Πηλεῖ.
540 1216 664 1282 Noster
677 1215 779 1301 polilt
791 1216 955 1299 Doricos
969 1236 1044 1283 cum
1057 1216 1138 1283 Pin·

80 1334 121 1381 το
142 1314 190 1382 Ν.
210 1318 246 1394 7,
267 1318 312 1382 53
325 1335 376 1401 eq.
390 1323 527 1382 secutus
540 1319 624 1383 mari
635 1317 773 1383 rediisse
786 1316 948 1401 Pyrrhum
961 1316 1137 1400 significat.

80 1434 163 1484 uro:
185 1420 198 1453 ⁴
209 1418 268 1502 qni
281 1417 410 1497 deinde,
433 1423 564 1483 secutus
589 1416 745 1485 Ledaeam
766 1418 967 1483 Hermionen
979 1416 1138 1485 lecedae·

80 1516 233 1603 mtoeque
245 1519 451 1603 hymeneeos,
458 1518 519 1585 He
527 1520 651 1585 famulo
660 1521 882 1604 famulamque
893 1520 1025 1585 Heleno
1032 1526 1137 1585 unns-

80 1618 352 1685 rdthehendamt'
374 1619 418 1685 ef.
433 1620 577 1685 Excute.
592 1627 698 1685 antec.
715 1636 755 1685 x.
800 1618 892 1685 ‘Ast
914 1620 1019 1698 illum,
1044 1638 1138 1705 orep·

88 1738 214 1804 magno
226 1722 445 1787 inflammatus
463 1741 575 1787 amore
597 1720 768 1806 Conjngis,
792 1727 826 1786 et
845 1722 1005 1785 scelerum
1027 1718 1138 1787 Furiis

80 1822 194 1900 murs,
209 1820 343 1886 Orestes
358 1821 497 1906 Excipit
508 1824 688 1898 incautum,
703 1823 894 1907 patriasque
906 1824 1080 1895 obtruncet
1092 1823 1138 1889 ed

80 1922 134 1989 rs!
177 1922 286 1989 Polite
299 1923 431 1988 remita
443 1922 555 2002 tradit,
578 1930 615 1988 ut
635 1922 784 2007 Pyrrhus
805 1922 1006 1989 Hermiones
1024 1942 1138 1989 emere

80 2028 153 2108 ptus
179 2024 362 2090 fastiditam
389 2024 645 2091 Andromachen
671 2025 801 2090 Heleno
833 2030 972 2108 nuptum
1001 2024 1136 2101 dederit,

80 2144 138 2209 μθ
151 2131 269 2209 postea
282 2125 444 2210 Pyrrhum
459 2125 608 2204 Orestes,
629 2127 684 2190 cui
697 2125 813 2189 eadem
827 2125 1018 2202 Hermione,
1034 2125 1138 2189 Hele·

80 2244 87 2289 ι
114 2220 256 2289 Laesae
281 2226 351 2293 filia
377 2223 531 2311 Ledaeque
556 2226 641 2291 adeo
666 2225 867 2309 neptia-jem
880 2226 961 2289 olim
971 2225 1139 2308 promissa

80 2334 144 2391 uret
155 2326 254 2410 (note
264 2346 318 2390 res
329 2328 440 2392 velex
453 2327 569 2391 Ovidii
582 2326 690 2408 Epist.
707 2321 805 2409 vrrr),
829 2325 1048 2407 interemerit3
1070 2345 1137 2410 quo

80 2432 126 2491 :to
150 2445 232 2510 pars
254 2426 368 2512 Epiri,¹
388 2426 549 2504 Chaonie,
577 2425 709 2489 Heleno
730 2424 898 2507 regnenda
920 2423 985 2489 suit
1004 2425 1136 2492 tradita.

83 2524 224 2611 'Enrip
247 2531 282 2591 in
304 2527 534 2593 Andromache
556 2527 645 2591 etin
665 2525 793 2590 Oreste.
838 2524 908 2589 Alii
923 2526 1038 2608 aliter;
1059 2546 1137 2593 nam

80 2629 127 2693 rle
147 2647 203 2695 res
224 2648 245 2693 a
266 2632 376 2715 podiis
389 2637 539 2697 tractate.
582 2630 628 2695 V.
657 2628 756 2694 Pind.
784 2630 884 2697 Nem.
907 2632 942 2709 7,
967 2631 1012 2695 50
1035 2635 1070 2695 et
1089 2630 1139 2695 ihi

80 2728 151 2795 hol.
171 2729 226 2797 cf.
240 2732 334 2798 Serv.
349 2753 425 2817 sup.
440 2733 484 2799 ed
498 2752 531 2797 v·
543 2732 618 2799 297.
663 2732 717 2797 De
740 2732 940 2799 Hermiones
963 2738 999 2797 et
1020 2731 1142 2816 Pyrrhi

80 2832 163 2917 ptiis
174 2831 296 2899 fundus
308 2840 360 2899 est
373 2854 429 2918 ep.
443 2833 580 2900 Homer.
596 2830 718 2918 Odyss.
732 2843 772 2911 Δ,
788 2837 811 2899 5
825 2855 899 2919 sqq.
926 2834 995 2899 Sed
1015 2834 1138 2901 occidi·

80 2954 86 2997 .·
98 2932 250 3019 Pyrrhus
261 2935 384 3021 petrice
398 2935 441 2999 ad
455 2957 539 2999 oros.
576 2934 680 2999 Varie
696 2936 769 3019 jam
783 2938 862 3000 olim
875 2939 1068 3019 interpretes
1080 2957 1139 3005 ae·

80 3043 213 3121 pemnt3
234 3058 268 3103 r.
291 3037 384 3103 Serv.
411 3043 446 3102 et
457 3039 622 3121 Pompon.
649 3037 728 3101 Sab.
772 3038 810 3101 Si
831 3057 876 3101 ex
895 3056 961 3100 usu
981 3036 1137 3120 loquendi

80 3136 338 3225 rdijudicande3
361 3138 608 3221 simplicissima
621 3138 708 3203 ratio
722 3142 784 3216 est,
797 3144 835 3202 ut
846 3156 1012 3203 reversum
1029 3141 1065 3203 in
1078 3159 1140 3224 pu·

80 3258 134 3305 em
148 3238 322 3324 Pyrrhum,
347 3258 416 3303 rem
440 3257 571 3303 sacram
591 3237 776 3317 facientem,
799 3244 874 3303 ante
894 3256 987 3303 aram
1002 3236 1137 3305 Orestes
1198 3316 1203 3327 ι

80 3340 208 3406 uiderit.
253 3339 384 3406 Phthiae
398 3340 498 3421 igitur
511 3339 638 3404 sactum
650 3339 686 3402 id
698 3338 800 3422 poete
812 3339 918 3422 ponit,
930 3337 967 3403 in
979 3360 1046 3425 quo
1058 3342 1137 3407 hac-

80 3460 130 3505 rus
144 3440 339 3524 Euripidem
354 3440 514 3505 Androm.
527 3440 613 3504 1243
624 3459 699 3523 sqq.
710 3440 868 3523 sequitur,
878 3446 917 3505 ut
926 3444 1004 3523 poet
1010 3442 1137 3509 coedem

80 3543 155 3623 yrrhi
170 3539 399 3607 Andromache
413 3561 488 3607 cum
504 3542 635 3607 Heleno
658 3543 694 3606 in
716 3541 852 3624 Epirum
872 3542 1014 3607 dimissa
1028 3544 1136 3610 fuerit.

80 3644 203 3709 retiam
217 3643 336 3709 ducere
350 3644 499 3708 videntur
521 3664 576 3709 vv.
597 3644 673 3708 333.
687 3644 753 3708 334
768 3640 874 3706 Morte
890 3638 1135 3727 Neoptolemi—.

80 3744 196 3826 ulgeris
210 3751 319 3810 tamen
333 3746 476 3809 narratio
500 3744 640 3827 Delphis
666 3744 813 3807 occisum
839 3742 1000 3827 Pyrrhum
1020 3746 1139 3825 tradit;

80 3862 123 3909 mc
142 3846 172 3909 ei
199 3845 358 3929 adoptare
381 3866 519 3910 neeesse
543 3847 597 3920 sit,
625 3862 743 3926 sequar
756 3844 848 3907 illam
861 3844 1033 3922 rationem,
1058 3866 1135 3928 quse

80 3948 122 4011 ler
145 3947 231 4013 alius
256 3950 290 4011 in
313 3947 481 4012 Servianis
507 3947 624 4011 ollatas
648 3946 800 4024 occurrit,
824 3952 862 4011 nt
883 3945 1023 4028 Delphis
1043 3964 1135 4012 arum

80 4047 126 4113 ui
136 4050 337 4115 constituerit
350 4048 508 4135 Pyrrhus,
532 4048 576 4113 ad
595 4068 697 4132 quem
710 4067 805 4114 sacra
816 4049 960 4115 feceret:
982 4066 1086 4130 neque
1100 4047 1136 4112 id

80 4160 114 4215 nt
123 4152 275 4239 exemplo
288 4150 426 4232 facturn,
440 4170 484 4218 ex
498 4149 679 4230 Pausania,
703 4149 817 4229 ubido
832 4146 972 4233 Delphis
985 4148 1066 4231 agit,
1078 4146 1136 4215 doe
