2664 4686
421 342 473 391 sn
495 340 666 391 assinos
697 340 771 391 urs.
795 340 845 390 vr.
1091 326 1179 393 4233

68 507 141 555 non
154 486 276 553 diseio
296 486 381 551 satis
401 486 580 551 constituta
600 491 686 551 sunt.
730 485 868 552 Sumere
884 487 967 553 'licet
985 487 1070 554 duo:
1093 488 1176 556 ulte-

70 606 158 670 rum,
176 588 450 673 Wmdemque
471 593 570 654 nocte
591 589 665 655 haec
690 590 769 672 geri,
791 590 928 655 sltenrm
951 590 1106 655 noctibus
1125 590 1175 655 di·

70 691 204 775 versis3
224 688 320 775 atqui
333 694 579 772 utrumcumque
592 709 709 774 ponas,
726 694 812 769 sunt,
827 710 903 773 quae
925 710 1042 774 parum
1055 710 1176 757 conve-

71 791 178 856 niant.
221 788 277 855 Ex
298 791 488 855 notionibus
509 796 656 855 veterum
679 793 762 856 satis
784 797 923 872 constat,
945 793 1104 876 quicquid
1129 794 1175 860 ad

72 890 168 958 Deos
179 892 315 971 micros,
329 891 372 955 ad
387 892 517 970 Manes,
532 891 576 956 ad
588 912 687 958 sacra
699 894 841 976 magica,
855 899 1027 977 spectaret,
1042 892 1086 956 ad
1104 916 1176 961 aoe-

70 1003 131 1057 tem
144 994 278 1075 referri3
301 994 355 1058 die
371 999 444 1058 orto
459 995 570 1059 omnia
582 993 681 1077 hujus
695 994 824 1077 generis
838 993 924 1059 finiri
938 995 1056 1061 solent.
1089 994 1174 1065 cum

71 1099 145 1159 ortu
165 1096 247 1160 solis
271 1094 392 1160 Manes
416 1094 461 1159 ad
477 1096 556 1160 loca
576 1096 682 1161 infera
701 1096 847 1175 redeunt,
866 1115 901 1161 v.
923 1117 954 1161 c.
978 1117 1053 1181 sup.
1067 1097 1125 1161 lib.
1137 1118 1173 1177 ν,
1230 1096 1236 1121 ’·

69 1196 145 1263 738.
156 1198 235 1263 m.
248 1197 324 1263 537.
353 1196 407 1262 cf.
421 1198 466 1262 ad
482 1214 533 1275 vr,
548 1198 624 1261 255.
669 1197 867 1262 Homericos
880 1218 995 1264 versus
1017 1219 1175 1285 compara

71 1296 196 1381 Odyss.
221 1305 263 1376 Π,
290 1299 366 1363 220.
391 1305 430 1376 Φ,
454 1299 531 1363 226.
576 1298 632 1362 Ad
659 1318 852 1364 communes
880 1302 994 1386 itaque
1022 1303 1173 1368 notiones

70 1400 413 1483 etinminterpretatio
426 1407 479 1465 est
492 1399 707 1465 moderanda.
1199 1404 1202 1411 '

111 1499 195 1585 lpse
206 1500 307 1585 pota
319 1507 506 1586 tempomm
519 1507 616 1568 notas
630 1502 721 1569 dedit
744 1505 815 1582 has,
829 1523 960 1569 sacnrm
974 1505 1045 1569 fieri
1059 1514 1171 1569 noctu:

69 1604 134 1669 252
156 1608 361 1683 ‘nocturnas
379 1607 515 1671 inchoat
533 1604 630 1671 aras.’
673 1606 760 1671 Tum
774 1607 896 1686 litatur,
912 1627 1042 1674 sacrum
1063 1609 1101 1674 fit
1119 1631 1172 1677 ra-

67 1710 148 1785 tum,
163 1726 282 1791 preces
291 1706 524 1785 exaudiuntur,
534 1706 647 1771 aditus
661 1708 704 1773 ad
717 1709 794 1773 loca
806 1708 910 1775 infera
923 1717 1033 1793 patet:
1051 1712 1172 1796 ‘primi

67 1809 130 1873 sub
152 1808 279 1873 lumina
303 1808 395 1873 Solis
414 1806 569 1873 et·ortus'
592 1808 733 1873 asset
755 1809 928 1874 confestim
949 1813 1040 1876 viam
1065 1813 1172 1896 ingre-

66 1907 201 1975 diuntur
213 1910 338 1975 AEneas
351 1914 386 1974 et
400 1908 528 1995 Sibylla
546 1919 619 1975 ante
640 1908 721 1973 diem
742 1920 855 1974 ortum.
901 1912 1081 1995 Peragrata
1095 1920 1172 1981 sunt

65 2008 140 2075 loca
153 2009 231 2077 inde
251 2029 273 2074 a
293 2010 399 2095 primo
420 2011 565 2093 ingressu
582 2011 626 2076 ad
641 2010 794 2078 Plutonis
808 2015 932 2096 regiam
947 2034 1025 2096 quae
1039 2017 1171 2099 prospi-

66 2111 162 2189 citur,
177 2116 212 2177 et
225 2130 248 2175 a
259 2111 348 2175 laeva
367 2111 547 2176 Tartarus:
570 2118 640 2177 tum
654 2113 866 2195 interponitur
879 2114 945 2178 536
967 2118 977 2147 ‘
995 2113 1074 2178 Hac
1096 2116 1170 2179 vice

66 2210 261 2278 sermonum’
284 2213 384 2299 (inter
407 2212 551 2277 AEneam
574 2220 607 2278 et
636 2214 861 2297 Deiphobum)
886 2214 1017 2277 ‘roseis
1041 2212 1171 2280 Aurora

65 2313 236 2399 quadrigis
270 2312 351 2380 Jam
377 2314 523 2379 medium
551 2315 686 2380 aetlrerio
716 2334 813 2378 cursu
840 2315 1016 2398 trajecerat
1048 2315 1169 2382 axam?

64 2410 184 2497 ltaque
209 2413 337 2498 Sibylla
359 2414 478 2479 affatur
499 2433 575 2478 eos:
599 2413 707 2478 ‘Nox
728 2414 804 2490 ruit,
825 2415 952 2495 AEnea3
975 2432 1038 2478 nos
1059 2415 1169 2480 flendo

66 2512 217 2579 ducimus
230 2514 351 2580 horas!

102 2616 143 2680 Si
157 2618 262 2681 verba
274 2616 384 2700 po'etae
398 2618 641 2702 interpretando
656 2619 816 2701 sequeris,
839 2636 904 2682 non
925 2618 992 2682 nisi
1006 2618 1048 2682 de
1063 2617 1167 2683 eodem

63 2715 116 2781 illa
132 2727 222 2781 rroete
236 2718 348 2800 accipi
361 2719 435 2783 lraec
456 2725 609 2802 possunt,
626 2740 690 2803 quo
711 2740 813 2797 socru,
837 2741 906 2783 cum
927 2719 992 2804 ipso
1016 2718 1168 2799 descensu,

54 2817 146 2903 sacta
160 2827 243 2881 rant.
272 2818 419 2901 Exigunt
431 2820 495 2884 hoc
510 2822 652 2885 rationes
668 2823 903 2904 grammaticae.
941 2820 1073 2886 Aurora
1086 2823 1169 2887 iacit

60 2918 237 2986 decursum
251 2939 347 2984 suum
369 2920 537 3004 quadrigis
559 2923 602 2985 ab
625 2923 747 2986 oriente
769 2928 886 2986 evecta
903 2941 970 2986 non
984 2924 1050 2987 alio
1065 2922 1167 2986 modo

58 3040 162 3105 quam
176 3020 247 3097 Sol,
262 3021 320 3103 qui
332 3040 405 3085 eam
419 3022 638 3103 subsequitur.
683 3022 771 3102 Ergo
785 3042 827 3085 ea
849 3028 858 3055 ‘
876 3022 1046 3105 quadrigis
1060 3023 1167 3086 roseis

54 3140 161 3188 cursu
185 3122 318 3187 aetherio
341 3121 463 3205 trajicit
486 3119 628 3186 coelum?
672 3120 773 3186 Nunc
801 3141 843 3185 ea
872 3121 1070 3205 ‘trajecerat
1093 3123 1166 3205 jam

51 3242 158 3291 axem
172 3223 318 3287 medium
330 3221 350 3286 :⁹
371 3242 445 3287 esse
460 3244 547 3286 orem
571 3222 702 3300 coelum,
718 3222 862 3287 dubitari
876 3224 1010 3306 nequit;
1032 3220 1167 3285 medium

48 3347 146 3393 exem
172 3324 329 3391 Romano
348 3343 441 3389 more
461 3345 527 3389 non
546 3324 687 3407 praecise
709 3324 752 3389 ad
773 3325 917 3389 mediam
937 3325 1015 3389 coeli
1036 3330 1166 3409 partem

45 3427 220 3506 revocari,
241 3424 302 3491 sed
325 3427 436 3492 omnia
460 3428 527 3491 dici
550 3426 671 3504 media,
692 3446 769 3512 quae
791 3432 869 3490 sunt
889 3428 977 3491 intra
997 3432 1165 3491 extremos

42 3528 151 3606 unas,
176 3527 290 3592 multis
314 3528 457 3592 virorum
481 3528 653 3592 doctorum
681 3528 769 3592 notis
798 3527 842 3590 ad
866 3528 986 3593 multus
1014 3534 1165 3595 auctores

40 3630 220 3697 moniam
241 3632 315 3707 est3
337 3627 547 3711 intelligenda
568 3628 652 3692 adeo
674 3627 784 3711 podtae
807 3629 910 3693 verba
934 3637 1027 3695 enmt
1046 3629 1088 3694 de
1109 3630 1165 3695 die

22 3722 128 3799 imo
141 3732 222 3813 post
235 3728 415 3793 diluculum
424 3730 688 3814 Jamdepulsum.
718 3730 762 3795 Et
776 3731 806 3793 si
820 3731 1045 3814 subjungitur:
1061 3729 1165 3796 ‘Nox

39 3834 130 3909 ruit,
145 3826 280 3907 AEnea,’
293 3829 358 3894 hoc
381 3849 425 3893 ex
446 3831 523 3913 ipsa
542 3850 588 3907 re,
604 3830 693 3913 quod
707 3831 797 3893 bona
810 3832 1033 3915 interpretatio
1046 3837 1163 3916 postu·

41 3928 112 4011 lat,
127 3932 195 3997 erit
207 3930 452 4015 accipiendum,
468 3933 578 3997 verbis
588 3951 655 3996 non
670 3952 781 3996 severe
801 3934 952 3997 exactis:
978 3930 1050 3995 Noa
1069 3929 1162 4006 abiit,

43 4030 128 4098 dies
144 4031 221 4117 J'am
235 4038 371 4098 exortus
385 4039 459 4116 est;
479 4034 544 4099 etsi
565 4053 680 4099 sensus
701 4034 801 4099 facile
822 4052 1087 4117 imumquemque
1101 4031 1162 4096 do-

47 4128 279 4217 ceot‘duriar
297 4135 363 4203 hoo
384 4134 509 4203 dictum
529 4156 617 4207 esse.
661 4136 716 4203 lta
736 4154 817 4203 saue
830 4136 1042 4221 grammatice
1058 4154 1161 4220 expe·
