2664 4686
190 292 279 361 rm
600 302 798 355 excursus
826 303 885 353 ιιι.

190 455 294 521 rontia
306 449 426 519 Μ’
439 452 498 517 lib.
513 466 554 529 x,
568 452 644 531 035,
664 471 786 517 novam
804 450 943 537 Tuojam
958 452 1124 537 appellat:
1168 453 1209 518 ln
1226 454 1283 537 epi

190 556 352 623 thetonrur
366 555 564 619 ornamentis
577 554 671 619 nnlla
688 555 856 619 subtilitas
875 572 898 617 a
913 554 1027 639 politis
1048 561 1087 621 et
1106 556 1223 639 religio
1237 573 1282 619 ex·

190 660 358 741 poetatur.

233 760 360 825 AEneas
378 777 398 820 a
419 755 508 833 loco,
523 756 565 821 ad
587 777 686 840 quem
708 757 850 841 appulsa
867 757 977 822 classe
993 759 1118 841 copias
1130 759 1281 833 eduxoerl

190 860 294 925 altero
323 859 377 924 die
405 858 528 936 missis,
559 860 619 941 qui
648 859 760 922 vicina
784 856 1005 940 explorarent,
1030 864 1185 923 oratores
1211 858 1281 923 hn-

189 970 317 1027 rentnm
333 960 376 1024 ad
389 978 498 1041 regem
520 958 674 1025 hunum
695 959 792 1042 legat.
837 958 967 1023 Interea
988 969 1097 1023 castro
1115 961 1281 1036 munitur,

191 1064 268 1128 157.
284 1062 359 1139 150,
374 1061 430 1144 qni
445 1060 539 1124 locus
555 1060 629 1123 inde
648 1056 746 1145 Trry'c
759 1078 877 1123 nornen
894 1062 1046 1125 obtinuit.
1095 1062 1149 1127 Eo
1161 1061 1281 1126 allusu

190 1166 246 1233 lib.
264 1182 304 1241 x,
319 1164 363 1229 26
384 1163 512 1227 ‘muris
534 1163 651 1226 iterum
672 1162 819 1226 imminet
838 1163 944 1227 hostis
963 1162 1156 1227 Nascentis
1167 1158 1281 1247 'lrojm'

191 1267 245 1331 Cf.
265 1286 298 1331 v.
318 1267 371 1330 74.
386 1266 441 1329 75.
487 1263 527 1327 Ιιι
552 1252 667 1347 Trojae
689 1263 803 1346 liujus,
829 1262 993 1341 Laurenti,
1017 1264 1214 1342 Lariuii,et
1230 1262 1281 1328 Isr-

191 1367 282 1433 nuvii
310 1366 499 1429 nominibus
524 1364 621 1428 valde
644 1365 775 1430 turbant
794 1370 851 1427 aut
876 1370 1037 1446 nugantur
1063 1364 1281 1441 Grammatici

164 1522 167 1527 .
190 1468 390 1551 antiquiores
419 1469 451 1529 et
479 1465 618 1529 seriores
645 1465 802 1540 historici,
831 1469 868 1528 ut
895 1464 1029 1530 Servius
1057 1468 1199 1550 passim.
1235 1463 1282 1529 lta

191 1568 326 1635 Charax
355 1567 502 1633 Ardeam
527 1567 714 1650 appellarat
743 1565 839 1649 Τροίην
875 1586 929 1648 ap.
960 1566 1126 1651 Stephan.
1154 1567 1282 1652 ligniu

182 1673 300 1757 Ἀρδια.
345 1671 414 1735 Dio
436 1690 480 1734 ex
495 1669 618 1733 Tnctza
633 1674 808 1753 excerptus
822 1690 857 1753 p.
872 1668 927 1733 21.
940 1669 986 1733 42
1029 1667 1190 1754 Λιύμπω
1201 1669 1232 1732 ri
1243 1668 1282 1729 ui

192 1772 292 1859 Τροίαν
316 1772 475 1855 λεγὸμιιον.
520 1770 667 1853 Appian.
692 1770 727 1833 in
750 1769 918 1855 Excerpto
937 1790 981 1834 ex
1005 1768 1134 1836 Plotio
1151 1770 1233 1837 God.
1247 1771 1281 1834 57

188 1872 279 1939 littus
305 1868 498 1936 Laurentum
521 1878 554 1935 ct
579 1893 666 1935 oram
695 1870 886 1935 maritimum
915 1868 1044 1958 Trojom
1069 1872 1200 1937 dictam
1222 1890 1282 1957 per·

188 1994 304 2063 peram
327 1981 450 2039 narrat.
494 1973 584 2038 Satis
607 1979 658 2037 cst
680 1976 781 2039 semel
803 1975 845 2038 de
869 1974 935 2039 hoc
959 1976 1123 2039 monitum
1144 1994 1237 2039 esse:
1255 1992 1283 2036 r.

72 2066 75 2071 ’
177 2080 276 2161 dnpr.
290 2076 406 2159 Vulpii
425 2074 505 2139 Vct.
522 2074 597 2138 Lat.
612 2073 710 2139 Τοιιι.
726 2092 777 2153 ιιι,
795 2096 829 2159 p.
845 2076 888 2139 13
898 2094 994 2159 seqq.
1031 2073 1100 2139 Sed
1119 2082 1155 2141 et
1173 2080 1284 2141 vetere

190 2181 319 2263 passim
333 2178 519 2260 scriptores,
534 2182 570 2241 ut
584 2176 704 2241 Strabo
721 2194 756 2255 ν,
774 2198 809 2261 p.
823 2177 889 2242 350
911 2194 944 2242 a.
966 2180 1015 2259 (p.
1031 2176 1113 2255 am)
1132 2177 1286 2262 'l'rojunoe

191 2300 340 2363 egressos
355 2279 468 2341 statim
483 2276 660 2342 Lavinium
681 2276 869 2341 condidisse
890 2277 992 2341 aiunt
1035 2275 1173 2343 Nomen
1185 2277 1285 2361 'llujrr

191 2400 236 2445 ex
250 2381 348 2444 Livio
365 2381 435 2464 jam
456 2386 568 2443 notum
588 2399 662 2443 esse
676 2383 795 2461 potest,
809 2379 869 2443 lib.
886 2396 910 2455 1,
925 2379 947 2442 l
969 2382 981 2412 ‘
996 2379 1041 2442 ab
1056 2379 1178 2444 Sicilia
1190 2378 1285 2444 classe

191 2480 388 2547 Laurentem
404 2500 518 2562 agrurn
532 2480 696 2545 tenuisset
719 2480 830 2564 Trojae
853 2486 886 2543 et
907 2480 984 2544 huic
1003 2480 1083 2544 loco
1095 2500 1220 2546 nomen
1232 2484 1285 2545 cst.

190 2581 245 2649 Ibi
257 2583 380 2661 egressi
394 2579 550 2667 Trojani.’
588 2580 632 2646 Et
643 2582 778 2646 Servius
792 2580 836 2644 ad
857 2598 923 2659 vn,
940 2580 1004 2646 158
1026 2580 1097 2645 ‘Et
1110 2582 1285 2657 sciendum,

191 2683 369 2749 civitatem’
379 2686 508 2766 (parum
517 2684 651 2767 proprie
662 2683 808 2762 dictum),
821 2688 831 2717 ‘
842 2692 942 2767 qua'nr
956 2683 1066 2766 primo
1078 2682 1162 2748 iecit
1172 2684 1286 2749 Μ

191 2782 328 2867 Trojam
344 2783 468 2847 dictam
484 2782 665 2848 secundum
679 2780 837 2847 Catonem
851 2790 884 2848 et
903 2783 1058 2849 livium?
1101 2782 1286 2863 Qnatnoru

154 2885 274 2969 gmari
292 2884 409 2949 stadiis
433 2904 492 2947 seu
514 2902 635 2968 passus
655 2885 848 2967 quingentos
870 2906 945 2950 eam
964 2884 1089 2951 distare
1109 2886 1286 2971 Dionysius

102 3016 107 3023 ·
190 2984 306 3073 adjicit
320 2986 379 3051 lib.
395 3004 421 3063 ι,
436 2988 490 3064 53,
514 2984 602 3050 unde
623 2992 709 3051 recte
730 2985 892 3069 Virgilius
917 3003 981 3063 vn,
997 2986 1063 3051 158
1086 2986 1286 3070 ‘primasio

188 3090 298 3155 littore
312 3089 416 3155 sedes'
430 3090 525 3153 dixit.
570 3088 689 3153 Strabo
711 3091 810 3166 enim,
833 3090 890 3172 qui
912 3090 970 3153 lib.
988 3106 1024 3168 v,
1044 3110 1082 3173 p.
1097 3090 1179 3169 2⁶29,
1196 3104 1284 3154 xxrr

188 3190 298 3254 stridia
316 3198 487 3266 memorat,
503 3191 544 3254 de
569 3189 734 3254 Laurento
756 3189 909 3273 loquitur,
932 3209 1000 3253 nnn
1021 3189 1064 3254 de
1086 3190 1204 3277 'troja
1218 3192 1284 3255 situ.

190 3287 243 3353 Cs.
260 3290 392 3355 Cluver.
407 3311 440 3372 p.
455 3291 531 3367 880,
547 3298 580 3354 et
593 3290 740 3373 Vulpius
753 3292 777 3355 l.
792 3310 822 3354 c.
837 3311 873 3373 p.
887 3292 1018 3373 ltlsqq.

233 3390 344 3454 Iocrrs
365 3392 418 3455 hic
441 3410 462 3454 a
485 3390 642 3473 Trojanis
666 3396 785 3474 captus
806 3391 1018 3472 munitusque
1040 3388 1193 3477 (χᾶμια
1211 3390 1284 3455 um

187 3488 289 3551 ctiam
305 3489 446 3574 Dionys.
462 3507 487 3567 1,
502 3489 572 3572 ci),
596 3512 695 3573 quem
720 3489 845 3577 Trujnm
868 3512 980 3554 novom
1000 3492 1177 3575 appellant
1191 3494 1285 3577 scrip

188 3594 288 3667 toros,
308 3598 358 3655 est
379 3594 420 3666 is,
436 3613 534 3675 quem
556 3593 658 3675 poeta
677 3594 745 3657 fere
769 3603 938 3656 castrorum
959 3593 1093 3657 nomine
1106 3613 1150 3659 ac
1164 3597 1284 3660 notione

186 3687 349 3771 designat,
373 3714 534 3777 quemque
561 3694 694 3761 Turnus
717 3701 890 3779 oppugnat
916 3696 975 3759 lib.
1003 3710 1059 3757 rx.
1106 3691 1284 3781 Τιιχομχίι

187 3798 371 3857 castronun
387 3794 589 3861 Achivorum
605 3803 733 3879 partem
760 3797 875 3861 iliadis
889 3798 1061 3862 constituit
1073 3798 1283 3879 insigniorem·

187 3890 256 3956 Sed
270 3893 367 3957 Maro
382 3897 522 3959 similem
544 3918 687 3980 pugnam
708 3899 855 3962 locorum
877 3899 943 3963 situ
964 3899 1110 3963 variavit
1122 3900 1282 3982 praenu-

187 3988 220 4055 A
245 3992 363 4059 dextra
384 3999 509 4059 rnoenia
531 3998 574 4059 ud
598 4017 727 4062 amnem
752 4000 979 4080 pertingebant
998 3998 1074 4085 (ru,
1100 4000 1170 4067 4oe
1194 4004 1281 4064 ‘nan

187 4092 326 4160 dextera
340 4096 480 4181 cingitur
493 4096 620 4182 amni'),
636 4116 736 4181 quam
750 4104 879 4181 partem
897 4098 1030 4167 Turnus
1048 4101 1083 4165 in
1101 4101 1227 4169 castris
1243 4098 1281 4163 ir
